@book{Bruning:lhc,
      author        = {Br√ºning et al.},
      title         = {LHC Design Report},
      year          = {2004},
      publisher     = {CERN},
      address       = {Geneva},
      series        = {CERN Yellow Reports: Monographs},
      doi           = {10.5170/CERN-2004-003-V-1}
}

@article{lumi_formula,
  author={Lyndon Evans and Philip Bryant},
  title={LHC Machine},
  year={2008},
  journal={Journal of Instrumentation},
  volume={3},
  number={08},
  pages={S08001},
  url={http://stacks.iop.org/1748-0221/3/i=08/a=S08001}
  }
@misc{twiki:cms_lumi,
	institution= {CMS Collaboration},
	title = {CMS Luminosity},
	year = {2017},
	url = {https://twiki.cern.ch/twiki/bin/view/CMSPublic/LumiPublicResults}
	}
@TechReport{cms_exp,
	author = {CMS Collaboration},
  	year    		  = {2006},
  	title     	  = {CMS physics: Technical design report},
  	note      	  = {CERN-LHCC-2006-001}
  	}
@TechReport{tracker,
	author = {CMS Collaboration},
  	year    		  = {1997},
  	title     	  = {The CMS tracker system project: Technical Design Report},
  	note      	  = {CERN-LHCC-98-006}
  	}
@TechReport{ecal,
	author = {CMS Collaboration},
  	year    		  = {1997},
  	title     	  = {The CMS electromagnetic calorimeter project: Technical Design Report},
  	note      	  = {CERN-LHCC-97-033}
  	}
@article{ecal_resol,
  author={Q. Ingram et. al.},
  title={Energy resolution of the barrel of the CMS Electromagnetic Calorimeter},
  year={2007},
  journal={Journal of Instrumentation},
  volume={2},
  number={04},
  pages={P04004},
  url={http://stacks.iop.org/1748-0221/2/i=04/a=P04004}
  }
@TechReport{hcal,
	author = {CMS Collaboration},
  	year    		  = {1997},
  	title     	  = {The CMS hadron calorimeter project: Technical Design Report},
  	note      	  = {CERN-LHCC-97-031}
  	}
@article{cms_magnet,
  author={CMS Collaboration},
  title={The CMS experiment at the CERN LHC},
  year={2008},
  journal={Journal of Instrumentation},
  volume={3},
  pages={S08004},
  doi  = {10.1088/1748-0221/3/08/S08004}
  }
@TechReport{cms_muon,
	author = {CMS Collaboration},
  	year    		  = {1997},
  	title     	  = {The CMS muon project: Technical Design Report},
  	note      	  = {CERN-LHCC-97-032}
  	}
@article{cms_trigger,
  author={CMS Collaboration},
  title ={The CMS trigger system},
  year  ={2017},
  journal={Journal of Instrumentation},
  volume ={12},
  pages  ={P01020},
  doi  = {10.1088/1748-0221/12/01/P01020}
  }













