@InProceedings{JAKEL2014,
  author = {M.R. JÃ¤kel et al.},
  title = {CERN GIF ++ : A new irradiation facility to test large-area particle detectors for the high-luminosity LHC program},
  year = {2014},
  publisher = {PoS},
  volume = {TIPP2014},
  pages = {102-109}
}

@Article{cms-lhc,
  author = {CMS Collaboration},
  title = {The CMS experiment at the CERN LHC},
  journal = {JINST},
  year = {2008},
  number = {3 S08004},
  doi    = {10.1088/1748-0221/3/08/S08004}
  }

@Article{muon-sys,
  author = {CMS Collaboration},
  title = {The performance of the CMS muon detector in proton-proton collisions at $\sqrt{s}$ = 7 TeV at the LHC},
  journal = {JINST},
  year = {2013},
  number = {P11002},
  doi    = {10.1088/1748-0221/8/11/P11002}
  }

@misc{twiki:wincc-oa,
  author = {CERN EN-Department},
  title = {WinCC Open Architecture (OA) Service},
  year = {2017},
  url = {https://readthedocs.web.cern.ch/display/ICKB/WinCC-OA+Service}
}

@TechReport{phase2,
	author    = {CMS Collaboration},
  	institution  = {CERN. Geneva. LHC Experiments Committee},
  	year    = {2015},
  	title     = {Technical {P}roposal for the {P}hase-{II U}pgrade of the {CMS} {D}etector},
  	note      = {CERN-LHCC-2015-010}
  	}
  
@InProceedings{jcop,
  author = {O. Holme et al.},
  title = {THE JCOP FRAMEWORK},
  year = {2005},
  publisher = {ICALEPCS}
}  

@InProceedings{g-polese,
  author = {G. Polese et al.},
  title = {The Detector Control Systems for the CMS Resistive Plate Chamber},
  year = {2010},
  publisher = {J. Phys.},
  series = {219 (2010) 022019},  
  doi = {10.1088/1742-6596/219/2/022019}
}
@article{opc,
  Title = {Integrating OPC Data into GSN Infrastructures},
  author = {Passalacqua et al.},
  eprint = {0808.0055v1},
  eprinttype = {arxiv},
  year = {08/2008},
  note = {IADIS International Conference APPLIED COMPUTING 2008, Algarve : Portugal (2008)}
  }

@InProceedings{salvador,
  author = {O. Passalacqua et al.},
  title = {CMS RPC preliminary results for aging studies at new CERN GIF++ facility},
  year = {2016},
  comment = {XIII RPC worksop and related detectors, UGent Belgium, February, 2016}
  }

@TechReport{feb,
  author    = {CERN. Geneva. LHC Experiments Committee},
  institution   = {CMS Collaboration},
  year    = {1997},
  title     = {The Muon Project Technical Design Report},
  note      = {CERN/LHC 97-32, CMS TDR 3, 15 December, 1997}
     }

@article{env-rpc,
  author = {M. Abbrescia et al.},
  title = {Operation, performance and upgrade of the CMS Resistive Plate Chamber system at LHC},
  journal = {Nucl. Instr. and Meth.},
  year = {2013},
  number = {732, 195 (2013)},
  doi  = {10.1016/j.nima.2013.05.150}
  }

@article{hv-eff,
  author = {F. Thyssen et at.},
  title = {Performance of the Resistive Plate Chambers in the CMS experiment},
  journal = {JINST},
  year = {2012},
  number = {7 (2012) C01104},
  doi  = {10.1088/1748-0221/7/01/C01104}
  }
