@Article{cms_sm_higgs,
  author = {CMS Collaboration},
  title =  {Observation of a new boson at a mass of 125 GeV with the CMS experiment at the LHC},
  journal = {Phys. Letts. B},
  year = {2012},
  number = {716},
  doi    = {10.1016/j.physletb.2012.08.021}
  }

@Article{atlas_sm_higgs,
  author = {ATLAS Collaboration},
  title = {Observation of a new particle in the search for the Standard Model Higgs boson with the ATLAS detector at the LHC},
  journal = {Phys. Letts. B},
  year = {2012},
  number = {716},
  doi    = {10.1016/j.physletb.2012.08.020}
  }
@Article{sm_pdg,
  author = {C. Patrignani et al. (Particle Data Group)},
  title = {2016 Review of Particle Physics},
  journal = {Chin. Phys. C},
  volume = {40},
  year = {2016},
  number = {100001},
  url = {http://pdg.lbl.gov/2016/tables/contents_tables.html}
  }
@article{strong_force,
  Title = {QUANTUM CHROMODYNAMICS},
  author = {A. Pich},
  eprint = {hep-ph/9505231},
  eprinttype = {arxiv},
  year = {05/1995},
  note = {Lectures at the 1994 European School of High-Energy Physics (Sorrento, 1994)}
  }
@article{ckm,
  Title = {THE CKM QUARK-MIXING MATRIX},
  author = { A. Ceccuc et. al.},
  collaboration  = {Particle Data Group},
  volume = {12},
  year = {01/2016},
  url  = {http://www-pdg.lbl.gov/2016/reviews/rpp2016-rev-ckm-matrix.pdf}
  }
@article{gws,
  Title = {Glashow-Weinberg-Salam theory of electroweak interactions and the neutral currents},
  author = {S. M. BILENKY and J. HOSEK },
  journal  = {Joint Institute for Nuclear Research},
  volume = {90},
  year = {10/1982},
  pages ={73-157},
  doi  = {10.1016/0370-1573(82)90016-3}
  }
@article{eng_brout,
  Title = {Broken Symmetry and the Mass of Gauge Vector Mesons},
  author = {F. Englert and R. Brout},
  journal  = {Phys. Rev. Lett.},
  volume = {13},
  year = {08/1964},
  pages ={321-323},
  doi  = {10.1103/PhysRevLett.13.321}
  }
 @article{p_w_higgs,
  Title = {Broken symmetries, massless particles and gauge fields},
  author = {P.W. Higgs},
  journal  = {Phys. Lett.},
  volume = {12},
  year = {09/1964},
  pages ={132-133},
  doi  = {10.1016/0031-9163(64)91136-9}
  } 
 @article{top_quark,
  Title = {Observation of Top Quark Production in $\bar{p}p$ Collisions with the Collider Detector at Fermilab},
  author = {CDF Collaboration},
  journal  = {Phys. Rev. Lett.},
  volume = {47},
  year = {04/1995},
  url  = {https://journals.aps.org/prl/pdf/10.1103/PhysRevLett.74.2626}
  } 
 @misc{lhclumi_plot,
 	author = {W. J. Stirling},
	institution= {Imperial College London},
	title = {PARTON LUMINOSITY AND CROSS SECTION PLOTS},
	year = {2012},
	url = {http://www.hep.ph.ic.ac.uk/~wstirlin/plots/plots.html}
	}
@article{ttbar_production,
  Title = {TOP QUARK PHYSICS AT THE LHC: A REVIEW OF THE FIRST TWO YEARS},
  author = {FRANK-PETER SCHILLIN},
  journal  = {Int. J. Mod. Phy. A},
  volume = {27},
  year = {2012},
  doi  = {10.1142/S0217751X12300165}
  } 
@misc{top:16_006,
  Title = {Measurement of the $t\bar{t}$ production cross section using events with one lepton and at least one jet in pp collisions at $\sqrt{s}$ = 13 TeV},
  author = {CMS Collaboration},
  year = {2017},
  archivePrefix = "arXiv",
  eprint  = {1701.06228}
  } 
 @misc{ttbar_decay_ratio,
  Title = {Useful Diagrams of Top Signals and Backgrounds},
  url = {https://www-d0.fnal.gov/Run2Physics/top/top_public_web_pages/top_feynman_diagrams.html}
  }
  @inproceedings{sm_higgs_fermilab,
      title          = "{Updated Combination of CDF and D0 Searches for Standard
                        Model Higgs Boson Production with up to 10.0 fb$^{-1}$ of
                        Data}",
      collaboration  = "Tevatron New Physics Higgs Working Group, CDF, D0",
      url            = "http://lss.fnal.gov/cgi-bin/find_paper.pl?conf-12-318",
      year           = "2012",
      eprint         = "1207.0449",
      archivePrefix  = "arXiv",
      primaryClass   = "hep-ex",
      reportNumber   = "FERMILAB-CONF-12-318-E, CDF-NOTE-10884, D0-NOTE-6348",
      SLACcitation   = "%%CITATION = ARXIV:1207.0449;%%"
}
@techreport{sm_higgs_13tev,
  Title = {Measurements of properties of the Higgs boson and search for an additional resonance in the four-lepton final state at $\sqrt{s}$ = 13 TeV},
  author = {CMS Collaboration},
  year = {2016},
  type = {Physics Analysis Summary (PAS)},
  number = {HIG-16-033},
  url = {https://cds.cern.ch/record/2204926/files/HIG-16-033-pas.pdf}
  } 
@article{pub:sm_higgs4l,
      author         = "Sirunyan, Albert M and others",
      title          = "{Measurements of properties of the Higgs boson decaying
                        into the four-lepton final state in pp collisions at
                        sqrt(s) = 13 TeV}",
      collaboration  = "CMS",
      year           = "2017",
      eprint         = "1706.09936",
      archivePrefix  = "arXiv",
      primaryClass   = "hep-ex",
      reportNumber   = "CMS-HIG-16-041, CERN-EP-2017-123",
      SLACcitation   = "%%CITATION = ARXIV:1706.09936;%%"
}
@techreport{pub:sm_higgs2gamma,
  Title = {$H\rightarrow\gamma\gamma$ at $\sqrt{s}$ = 13 TeV with 2016 dataset},
  author = {CMS Collaboration},
  year = {2017},
  type = {Analysis Note (AN)},
  number = {AN -2017/036},
  url = {http://cms.cern.ch/iCMS/jsp/db_notes/noteInfo.jsp?cmsnoteid=CMS%20AN-2017/036}
  } 
 @misc{pub:sm_higgsxsec,
  author = {Michael Duehrssen et. al.},
  Title = {LHC Higgs Cross Section},
  url = {https://twiki.cern.ch/twiki/bin/view/LHCPhysics/LHCHXSWG#SM_Higgs},
  year = {2017}
  }
  @misc{pub:higgsmassloop,
  author = {David Kaplan},
  Title = {Beyond the Standard Model: New Forces of Nature},
  url = {https://www.learner.org/courses/physics/unit/text.html?unit=2&secNum=11},
  year = {2017}
  }
  @article{hierarchy,
      author         = "Djouadi, Abdelhak",
      title          = "{The Anatomy of electro-weak symmetry breaking. II. The
                        Higgs bosons in the minimal supersymmetric model}",
      journal        = "Phys. Rept.",
      volume         = "459",
      year           = "2008",
      pages          = "1-241",
      doi            = "10.1016/j.physrep.2007.10.005",
      eprint         = "hep-ph/0503173",
      archivePrefix  = "arXiv",
      primaryClass   = "hep-ph",
      reportNumber   = "LPT-ORSAY-05-18",
      SLACcitation   = "%%CITATION = HEP-PH/0503173;%%"
}
@phdthesis{phd_thesis:susy,
      author         = "Kadala, Roger H. K.",
      title          = "{Topics in supersymmetry phenomenology at the Large
                        Hadron Collider}",
      school         = "Hawaii U.",
      url            = "https://inspirehep.net/record/1113772/files/arXiv:1205.1267.pdf",
      year           = "2012",
      eprint         = "1205.1267",
      archivePrefix  = "arXiv",
      primaryClass   = "hep-ph",
      SLACcitation   = "%%CITATION = ARXIV:1205.1267;%%"
}
@article{Martin:1997ns,
      author         = "Martin, Stephen P.",
      title          = "{A Supersymmetry primer}",
      year           = "1997",
      doi            = "10.1142/9789812839657_0001, 10.1142/9789814307505_0001",
      note           = "[Adv. Ser. Direct. High Energy Phys.18,1(1998)]",
      eprint         = "hep-ph/9709356",
      archivePrefix  = "arXiv",
      primaryClass   = "hep-ph",
      reportNumber   = "FERMILAB-PUB-97-425-T",
      SLACcitation   = "%%CITATION = HEP-PH/9709356;%%"
}
@inproceedings{Wells:2009kq,
      author         = "Wells, James D.",
      title          = "{Lectures on Higgs Boson Physics in the Standard Model
                        and Beyond}",
      booktitle      = "{39th British Universities Summer School in Theoretical
                        Elementary Particle Physics (BUSSTEPP 2009) Liverpool,
                        United Kingdom, August 24-September 4, 2009}",
      url            = "https://inspirehep.net/record/832122/files/arXiv:0909.4541.pdf",
      year           = "2009",
      eprint         = "0909.4541",
      archivePrefix  = "arXiv",
      primaryClass   = "hep-ph",
      reportNumber   = "CERN-PH-TH-2009-154",
      SLACcitation   = "%%CITATION = ARXIV:0909.4541;%%"
}
@phdthesis{phd_thesis:mssm,
      author         = "Prerit Jaiswal",
      title          = "{Higgs Physics in Supersymmetric Models}",
      school         = "Stony Brook University",
      url            = "http://graduate.physics.sunysb.edu/announ/theses/jaiswal-prerit-aug-2012.pdf",
      year           = "2012",
}
@inproceedings{Asner:2013psa,
      author         = "Asner, D. M. and others",
      title          = "{ILC Higgs White Paper}",
      booktitle      = "{Proceedings, 2013 Community Summer Study on the Future
                        of U.S. Particle Physics: Snowmass on the Mississippi
                        (CSS2013): Minneapolis, MN, USA, July 29-August 6, 2013}",
      url            = "https://inspirehep.net/record/1256491/files/arXiv:1310.0763.pdf",
      year           = "2013",
      eprint         = "1310.0763",
      archivePrefix  = "arXiv",
      primaryClass   = "hep-ph",
      SLACcitation   = "%%CITATION = ARXIV:1310.0763;%%"
}
@article{Djouadi:2013vqa,
      author         = "Djouadi, Abdelhak and Quevillon, Jeremie",
      title          = "{The MSSM Higgs sector at a high $M_{SUSY}$: reopening
                        the low tan$\beta$ regime and heavy Higgs searches}",
      journal        = "JHEP",
      volume         = "10",
      year           = "2013",
      pages          = "028",
      doi            = "10.1007/JHEP10(2013)028",
      eprint         = "1304.1787",
      archivePrefix  = "arXiv",
      primaryClass   = "hep-ph",
      reportNumber   = "LPT-ORSAY-13-26",
      SLACcitation   = "%%CITATION = ARXIV:1304.1787;%%"
}

@article{Gaemers:1984,
      author         = "Gaemers K.J.F., Hoogeveen, F.",
      title          = "{Higgs production and decay into heavy flavours with the gluon fusion mechanism}",
      journal        = "Phys. Lett. B",
      volume         = "146",
      year           = "1984",
      doi            = "10.1016/0370-2693(84)91711-8"
      }
@article{Jung:2015gta,
      author         = "Jung, Sunghoon and Song, Jeonghyeon and Yoon, Yeo Woong",
      title          = "{Dip or nothingness of a Higgs resonance from the
                        interference with a complex phase}",
      journal        = "Phys. Rev.",
      volume         = "D92",
      year           = "2015",
      number         = "5",
      pages          = "055009",
      doi            = "10.1103/PhysRevD.92.055009",
      eprint         = "1505.00291",
      archivePrefix  = "arXiv",
      primaryClass   = "hep-ph",
      reportNumber   = "KIAS-P15020",
      SLACcitation   = "%%CITATION = ARXIV:1505.00291;%%"
}
@article{Djouadi:2015jea,
      author         = "Djouadi, A. and Maiani, L. and Polosa, A. and Quevillon,
                        J. and Riquer, V.",
      title          = "{Fully covering the MSSM Higgs sector at the LHC}",
      journal        = "JHEP",
      volume         = "06",
      year           = "2015",
      pages          = "168",
      doi            = "10.1007/JHEP06(2015)168",
      eprint         = "1502.05653",
      archivePrefix  = "arXiv",
      primaryClass   = "hep-ph",
      reportNumber   = "KCL-PH-TH-15-08, LPT-ORSAY-15-15",
      SLACcitation   = "%%CITATION = ARXIV:1502.05653;%%"
}
@article{Djouadi:2016eyy,
      author         = "Djouadi, Abdelhak and Ellis, John and Godbole, Rohini and
                        Quevillon, Jérémie",
      title          = "{Future Collider Signatures of the Possible 750 GeV
                        State}",
      journal        = "JHEP",
      volume         = "03",
      year           = "2016",
      pages          = "205",
      doi            = "10.1007/JHEP03(2016)205",
      eprint         = "1601.03696",
      archivePrefix  = "arXiv",
      primaryClass   = "hep-ph",
      reportNumber   = "CERN-TH-2016-008, KCL-PH-TH-2016-01, LCTS-2016-01,
                        LPT-ORSAY-16-02",
      SLACcitation   = "%%CITATION = ARXIV:1601.03696;%%"
}
@article{Baglio:2015wcg,
      author         = "Baglio, Julien and Djouadi, Abdelhak and Quevillon,
                        Jérémie",
      title          = "{Prospects for Higgs physics at energies up to 100 TeV}",
      journal        = "Rept. Prog. Phys.",
      volume         = "79",
      year           = "2016",
      number         = "11",
      pages          = "116201",
      doi            = "10.1088/0034-4885/79/11/116201",
      eprint         = "1511.07853",
      archivePrefix  = "arXiv",
      primaryClass   = "hep-ph",
      reportNumber   = "KCL-PH-TH-2015-35, LPT-15-90",
      SLACcitation   = "%%CITATION = ARXIV:1511.07853;%%"
}
@article{Harlander:2003ai,
      author         = "Harlander, Robert V. and Kilgore, William B.",
      title          = "{Higgs boson production in bottom quark fusion at
                        next-to-next-to leading order}",
      journal        = "Phys. Rev.",
      volume         = "D68",
      year           = "2003",
      pages          = "013001",
      doi            = "10.1103/PhysRevD.68.013001",
      eprint         = "hep-ph/0304035",
      archivePrefix  = "arXiv",
      primaryClass   = "hep-ph",
      reportNumber   = "BNL-HET-03-4, CERN-TH-2003-067",
      SLACcitation   = "%%CITATION = HEP-PH/0304035;%%"
}
@article{Dittmaier:2011ti,
      author         = "Dittmaier, S. and others",
      title          = "{Handbook of LHC Higgs Cross Sections: 1. Inclusive
                        Observables}",
      collaboration  = "LHC Higgs Cross Section Working Group",
      doi            = "10.5170/CERN-2011-002",
      year           = "2011",
      eprint         = "1101.0593",
      archivePrefix  = "arXiv",
      primaryClass   = "hep-ph",
      reportNumber   = "CERN-2011-002",
      SLACcitation   = "%%CITATION = ARXIV:1101.0593;%%"
}
@article{Dittmaier:2012vm,
      author         = "Dittmaier, S. and others",
      title          = "{Handbook of LHC Higgs Cross Sections: 2. Differential
                        Distributions}",
      doi            = "10.5170/CERN-2012-002",
      year           = "2012",
      eprint         = "1201.3084",
      archivePrefix  = "arXiv",
      primaryClass   = "hep-ph",
      reportNumber   = "CERN-2012-002",
      SLACcitation   = "%%CITATION = ARXIV:1201.3084;%%"
}
@article{Berge:2008dr,
      author         = "Berge, Stefan and Bernreuther, Werner",
      title          = "{Determining the CP parity of Higgs bosons at the LHC in
                        the tau to 1-prong decay channels}",
      journal        = "Phys. Lett.",
      volume         = "B671",
      year           = "2009",
      pages          = "470-476",
      doi            = "10.1016/j.physletb.2008.12.065",
      eprint         = "0812.1910",
      archivePrefix  = "arXiv",
      primaryClass   = "hep-ph",
      reportNumber   = "PITHA-08-29, MZ-TH-08-38",
      SLACcitation   = "%%CITATION = ARXIV:0812.1910;%%"
}
@article{PhysRevD.58.114031,
  title = {Signatures of Higgs bosons in the top quark decay channel at hadron colliders},
  author = {Bernreuther, W. and Flesch, M. and Haberl, P.},
  journal = {Phys. Rev. D},
  volume = {58},
  issue = {11},
  pages = {114031},
  numpages = {13},
  year = {1998},
  month = {Nov},
  publisher = {American Physical Society},
  doi = {10.1103/PhysRevD.58.114031},
  url = {https://link.aps.org/doi/10.1103/PhysRevD.58.114031}
}