@Article{cms_sm_higgs,
  author = {CMS Collaboration},
  title =  {Observation of a new boson at a mass of 125 GeV with the CMS experiment at the LHC},
  journal = {Phys. Letts. B},
  year = {2012},
  number = {716},
  doi    = {10.1016/j.physletb.2012.08.021}
  }

@Article{atlas_sm_higgs,
  author = {ATLAS Collaboration},
  title = {Observation of a new particle in the search for the Standard Model Higgs boson with the ATLAS detector at the LHC},
  journal = {Phys. Letts. B},
  year = {2012},
  number = {716},
  doi    = {10.1016/j.physletb.2012.08.020}
  }
@article{Branco:2011iw,
      author         = "Branco, G. C. and Ferreira, P. M. and Lavoura, L. and Rebelo, M. N. and Sher, Marc and Silva, Joao P.",
      title          = "Theory and phenomenology of two-{H}iggs-doublet models",
      journal        = "Phys. Rept.",
      volume         = "516",
      year           = "2012",
      pages          = "1-102",
      doi            = "10.1016/j.physrep.2012.02.002",
      eprint         = "1106.0034",
      archivePrefix  = "arXiv",
      primaryClass   = "hep-ph",
      SLACcitation   = "%%CITATION = ARXIV:1106.0034;%%"
}

@article{Agashe:2004rs,
      author         = "Agashe, Kaustubh and Contino, Roberto and Pomarol, Alex",
      title          = "The minimal composite {H}iggs model",
      journal        = "Nucl. Phys. B",
      volume         = "719",
      year           = "2005",
      pages          = "165-187",
      doi            = "10.1016/j.nuclphysb.2005.04.035",
      eprint         = "hep-ph/0412089",
      archivePrefix  = "arXiv",
      primaryClass   = "hep-ph",
      reportNumber   = "UAB-FT-567",
      SLACcitation   = "%%CITATION = HEP-PH/0412089;%%"
}
@article{Frederix:2007gi,
      author         = "Frederix, Rikkert and Maltoni, Fabio",
      title          = "Top pair invariant mass distribution: {A} window on new physics",
      journal        = "JHEP",
      volume         = "01",
      year           = "2009",
      pages          = "047",
      doi            = "10.1088/1126-6708/2009/01/047",
      eprint         = "0712.2355",
      archivePrefix  = "arXiv",
      primaryClass   = "hep-ph",
      reportNumber   = "CP3-07-29",
      SLACcitation   = "%%CITATION = ARXIV:0712.2355;%%"
}
@article{Khachatryan:2015sma,
      author         = "Khachatryan, Vardan and others",
      title          = "Search for resonant $t \bar t$ production in proton-proton collisions at $\sqrt s = 8$ {TeV}",
      collaboration  = "CMS",
      journal        = "Phys. Rev. D",
      volume         = "93",
      year           = "2016",
      number         = "1",
      pages          = "012001",
      doi            = "10.1103/PhysRevD.93.012001",
      eprint         = "1506.03062",
      archivePrefix  = "arXiv",
      primaryClass   = "hep-ex",
      reportNumber   = "CMS-B2G-13-008, CERN-PH-EP-2015-126",
      SLACcitation   = "%%CITATION = ARXIV:1506.03062;%%"
}

@article{Sirunyan:2017uhk,
      author         = "Sirunyan, Albert M and others",
      title          = "Search for $t\bar t$ resonances in highly boosted lepton+jets and fully hadronic final states in proton-proton collisions at $\sqrt{s}=13$ {TeV}",
      collaboration  = "CMS",
      journal        = "JHEP",
      volume         = "07",
      year           = "2017",
      pages          = "001",
      doi            = "10.1007/JHEP07(2017)001",
      eprint         = "1704.03366",
      archivePrefix  = "arXiv",
      primaryClass   = "hep-ex",
      reportNumber   = "CMS-B2G-16-015, CERN-EP-2017-049",
      SLACcitation   = "%%CITATION = ARXIV:1704.03366;%%"
}
@article{Aad:2015fna,
      author         = "Aad, Georges and others",
      title          = "A search for $t\bar t$ resonances using lepton-plus-jets events in proton-proton collisions at $\sqrt{s}=8$ {TeV} with the {ATLAS} detector",
      collaboration  = "ATLAS",
      journal        = "JHEP",
      volume         = "08",
      year           = "2015",
      pages          = "148",
      doi            = "10.1007/JHEP08(2015)148",
      eprint         = "1505.07018",
      archivePrefix  = "arXiv",
      primaryClass   = "hep-ex",
      reportNumber   = "CERN-PH-EP-2015-090",
      SLACcitation   = "%%CITATION = ARXIV:1505.07018;%%"
}
@techreport{TheATLAScollaboration:2016wfb,
      author         = "{ATLAS Collaboration}",
      collaboration  = "{ATLAS}",
      title          = "Search for heavy particles decaying to pairs of highly-boosted top quarks using lepton-plus-jets events in proton-proton collisions at $\sqrt{s} = 13$ {TeV} with the {ATLAS} detector",
      type           = "{ATLAS} Conference Note",
      year           = "2016",
      reportNumber   = "ATLAS-CONF-2016-014",
      url            = "http://cds.cern.ch/record/2141001",
      SLACcitation   = "%%CITATION = ATLAS-CONF-2016-014;%%"
}
@article{Dicus:1994bm,
      author         = "Dicus, D. and Stange, A. and Willenbrock, S.",
      title          = "{Higgs} decay to top quarks at hadron colliders",
      journal        = "Phys. Lett. B",
      volume         = "333",
      year           = "1994",
      pages          = "126-131",
      doi            = "10.1016/0370-2693(94)91017-0",
      eprint         = "hep-ph/9404359",
      archivePrefix  = "arXiv",
      primaryClass   = "hep-ph",
      reportNumber   = "CPP-94-18, BNL-60339, ILL-TH-94-9",
      SLACcitation   = "%%CITATION = HEP-PH/9404359;%%"
}
@article{Aaboud:2017hnm,
      author         = "Aaboud, Morad and others",
      title          = "Search for heavy {H}iggs bosons $A/H$ decaying to a top quark pair in $pp$ collisions at $\sqrt{s} = 8$ {TeV} with the {ATLAS} detector",
      collaboration  = "ATLAS",
      journal        = "Phys. Rev. Lett.",
      volume         = "119",
      year           = "2017",
      number         = "19",
      pages          = "191803",
      doi            = "10.1103/PhysRevLett.119.191803",
      eprint         = "1707.06025",
      archivePrefix  = "arXiv",
      primaryClass   = "hep-ex",
      reportNumber   = "CERN-EP-2017-134",
      SLACcitation   = "%%CITATION = ARXIV:1707.06025;%%"
}
@techreport{CMS-AN-16-272,
      author         = {Gul, Muhammad and Lattaud, Hugues and Perri\`{e}s, St\'{e}phane and Popov, Andrey and Sordini, Viola and Steggemann, Jan and Tytgat, Michael and Verzetti, Mauro},
      title          = {Search for a heavy Higgs boson decaying into a pair of top quarks in the semileptonic final state with the 2016~pp~dataset},
      type           = {{CMS} Analysis Note},
      number         = {AN-16-272},
      year           = {2016},
      url            = {http://cms.cern.ch/iCMS/jsp/db_notes/noteInfo.jsp?cmsnoteid=CMS%20AN-2017/202}
}

    
@techreport{CMS-AN-16-164,
      author         = {Anuar, Afiq and Bernaaert, Kelly and Grohsjean, Alexander and von Onsem, Gerrit and Christian Schwanenberger},
      title          = {Search for a heavy {Higgs} boson decaying into dilepton $t\bar t$ final states at 13\,{TeV}},
      type           = {{CMS} Analysis Note},
      number         = {AN-16-164},
      year           = {2017},
      url            = {http://cms.cern.ch/iCMS/jsp/db_notes/noteInfo.jsp?cmsnoteid=CMS\%20AN-2016/164}
}

@techreport{CMS-AN-17-202,
      author         = {Cheng, Alkaid and Steggemann, Jan and Verzetti, Mauro and Grohsjean, Alexander and Gul, Muhammad and Popov, Andrey},
      title          = {Statistical evaluation, combination, and interpretation of searches for additional heavy {Higgs} bosons in top quark pair final states},
      type           = {{CMS} Analysis Note},
      number         = {AN-17-202},
      year           = {2017},
      url            = {http://cms.cern.ch/iCMS/jsp/db_notes/noteInfo.jsp?cmsnoteid=CMS\%20AN-2017/202}
}
@article{Djouadi:2013uqa,
      author         = "Djouadi, A. and Maiani, L. and Moreau, G. and Polosa, A. and Quevillon, J. and Riquer, V.",
      title          = "The post-{H}iggs {MSSM} scenario: {H}abemus {MSSM}?",
      journal        = "Eur. Phys. J. C",
      volume         = "73",
      year           = "2013",
      pages          = "2650",
      doi            = "10.1140/epjc/s10052-013-2650-0",
      eprint         = "1307.5205",
      archivePrefix  = "arXiv",
      primaryClass   = "hep-ph",
      reportNumber   = "LPT-ORSAY-13-56",
      SLACcitation   = "%%CITATION = ARXIV:1307.5205;%%"
}
@article{1748-0221-11-10-C10013,
  author={M. Gul et. al},
  collaboration={ CMS collaboration},
  title={Detector control system and efficiency performance for CMS RPC at GIF++},
  journal={Journal of Instrumentation},
  volume={11},
  number={10},
  pages={C10013},
  url={http://stacks.iop.org/1748-0221/11/i=10/a=C10013},
  year={2016}
}
@misc{mgul_dcs_gent,
	 title={XIII RPC worksop and related detectors, UGent Belgium},
	 year={2016},
     url={https://indico.ugent.be/event/0/timetable/#20160223.detailed}
     }


@Article{sm_pdg,
  author = {C. Patrignani et al. (Particle Data Group)},
  title = {2016 Review of Particle Physics},
  journal = {Chin. Phys. C},
  volume = {40},
  year = {2016},
  number = {100001},
  url = {http://pdg.lbl.gov/2016/tables/contents_tables.html}
  }
@article{strong_force,
  Title = {Quantum Chromodynamics},
  author = {A. Pich},
  eprint = {hep-ph/9505231},
  eprinttype = {arxiv},
  year = {05/1995},
  note = {Lectures at the 1994 European School of High-Energy Physics (Sorrento, 1994)}
  }
@article{ckm,
  Title = {The CKM quark-mixing matrix},
  author = { A. Ceccuc et. al.},
  collaboration  = {Particle Data Group},
  volume = {12},
  year = {01/2016},
  url  = {http://www-pdg.lbl.gov/2016/reviews/rpp2016-rev-ckm-matrix.pdf}
  }
@article{gws,
  Title = {Glashow-Weinberg-Salam theory of electroweak interactions and the neutral currents},
  author = {S. M. Bilenky and J. Hosek},
  journal  = {Joint Institute for Nuclear Research},
  volume = {90},
  year = {10/1982},
  pages ={73-157},
  doi  = {10.1016/0370-1573(82)90016-3}
  }
@article{eng_brout,
  Title = {Broken Symmetry and the Mass of Gauge Vector Mesons},
  author = {F. Englert and R. Brout},
  journal  = {Phys. Rev. Lett.},
  volume = {13},
  year = {08/1964},
  pages ={321-323},
  doi  = {10.1103/PhysRevLett.13.321}
  }
 @article{p_w_higgs,
  Title = {Broken symmetries, massless particles and gauge fields},
  author = {P.W. Higgs},
  journal  = {Phys. Lett.},
  volume = {12},
  year = {09/1964},
  pages ={132-133},
  doi  = {10.1016/0031-9163(64)91136-9}
  } 
 @article{top_quark,
  Title = {Observation of Top Quark Production in $\bar{p}p$ Collisions with the Collider Detector at Fermilab},
  author = {CDF Collaboration},
  journal  = {Phys. Rev. Lett.},
  volume = {47},
  year = {04/1995},
  url  = {https://journals.aps.org/prl/pdf/10.1103/PhysRevLett.74.2626}
  } 
 @misc{lhclumi_plot,
 	author = {W. J. Stirling},
	institution= {Imperial College London},
	title = {Parton luminosity and cross section plots},
	year = {2012},
	url = {http://www.hep.ph.ic.ac.uk/~wstirlin/plots/plots.html}
	}
@article{ttbar_production,
  Title = {Top quark physics at the LHC: A review of the first two years},
  author = {Frank-Peter Schillin},
  journal  = {Int. J. Mod. Phy. A},
  volume = {27},
  year = {2012},
  doi  = {10.1142/S0217751X12300165}
  } 
@techreport{CMS-AN-15-233,
  author = { CMS Collaboration},
  Title = {Measurement of the $t\bar t$ production cross section in proton-proton collisions at $\sqrt{s} = 13$\,TeV using final states with an isolated lepton and at least one jet},
  year = {2016},
  type = {Analysis Note (AN)},
  number = {AN-2015/233},
  url = {http://cms.cern.ch/iCMS/jsp/db_notes/noteInfo.jsp?cmsnoteid=CMS%20AN-2015/233}
    } 
@article{Giammanco:2015bxk,
      author         = "Giammanco, Andrea",
      title          = "{Single top quark production at the LHC}",
      journal        = "Rev. Phys.",
      volume         = "1",
      year           = "2016",
      pages          = "1-12",
      doi            = "10.1016/j.revip.2015.12.001",
      eprint         = "1511.06748",
      archivePrefix  = "arXiv",
      primaryClass   = "hep-ex",
      reportNumber   = "CP3-15-40",
      SLACcitation   = "%%CITATION = ARXIV:1511.06748;%%"
}
 @misc{ttbar_decay_ratio,
  Title = {Useful Diagrams of Top Signals and Backgrounds},
  howpublished = {\url{https://wwwd0.fnal.gov/Run2Physics/top/top_public_web_pages/top_feynman_diagrams.html}
  }}
  @inproceedings{sm_higgs_fermilab,
      title          = "{Updated Combination of CDF and D0 Searches for Standard
                        Model Higgs Boson Production with up to 10.0 fb$^{-1}$ of
                        Data}",
      collaboration  = "Tevatron New Physics Higgs Working Group, CDF, D0",
      url            = "http://lss.fnal.gov/cgi-bin/find_paper.pl?conf-12-318",
      year           = "2012",
      eprint         = "1207.0449",
      archivePrefix  = "arXiv",
      primaryClass   = "hep-ex",
      reportNumber   = "FERMILAB-CONF-12-318-E, CDF-NOTE-10884, D0-NOTE-6348",
      SLACcitation   = "%%CITATION = ARXIV:1207.0449;%%"
}
@techreport{sm_higgs_13tev,
  Title = {Measurements of properties of the Higgs boson and search for an additional resonance in the four-lepton final state at $\sqrt{s}$ = 13 TeV},
  author = {CMS Collaboration},
  year = {2016},
  type = {Physics Analysis Summary (PAS)},
  number = {HIG-16-033},
  url = {https://cds.cern.ch/record/2204926/files/HIG-16-033-pas.pdf}
  } 
@article{pub:sm_higgs4l,
      author         = "Sirunyan, Albert M and others",
      title          = "{Measurements of properties of the Higgs boson decaying
                        into the four-lepton final state in pp collisions at
                        sqrt(s) = 13 TeV}",
      collaboration  = "CMS",
      year           = "2017",
      eprint         = "1706.09936",
      archivePrefix  = "arXiv",
      primaryClass   = "hep-ex",
      reportNumber   = "CMS-HIG-16-041, CERN-EP-2017-123",
      SLACcitation   = "%%CITATION = ARXIV:1706.09936;%%"
}
@techreport{pub:sm_higgs2gamma,
  Title = {$H\rightarrow\gamma\gamma$ at $\sqrt{s}$ = 13 TeV with 2016 dataset},
  author = {CMS Collaboration},
  year = {2017},
  type = {Analysis Note (AN)},
  number = {AN -2017/036},
  url = {http://cms.cern.ch/iCMS/jsp/db_notes/noteInfo.jsp?cmsnoteid=CMS%20AN-2017/036}
  } 
 @misc{pub:sm_higgsxsec,
  author = {Michael Duehrssen et. al.},
  Title = {LHC Higgs Cross Section},
  url = {https://twiki.cern.ch/twiki/bin/view/LHCPhysics/LHCHXSWG#SM_Higgs},
  year = {2017}
  }
  @misc{pub:higgsmassloop,
  author = {David Kaplan},
  Title = {Beyond the Standard Model: New Forces of Nature},
  url = {https://www.learner.org/courses/physics/unit/text.html?unit=2&secNum=11},
  year = {2017}
  }
  @article{hierarchy,
      author         = "Djouadi, Abdelhak",
      title          = "{The Anatomy of electro-weak symmetry breaking. II. The
                        Higgs bosons in the minimal supersymmetric model}",
      journal        = "Phys. Rept.",
      volume         = "459",
      year           = "2008",
      pages          = "1-241",
      doi            = "10.1016/j.physrep.2007.10.005",
      eprint         = "hep-ph/0503173",
      archivePrefix  = "arXiv",
      primaryClass   = "hep-ph",
      reportNumber   = "LPT-ORSAY-05-18",
      SLACcitation   = "%%CITATION = HEP-PH/0503173;%%"
}
@phdthesis{phd_thesis:susy,
      author         = "Kadala, Roger H. K.",
      title          = "{Topics in supersymmetry phenomenology at the Large
                        Hadron Collider}",
      school         = "Hawaii U.",
      url            = "https://inspirehep.net/record/1113772/files/arXiv:1205.1267.pdf",
      year           = "2012",
      eprint         = "1205.1267",
      archivePrefix  = "arXiv",
      primaryClass   = "hep-ph",
      SLACcitation   = "%%CITATION = ARXIV:1205.1267;%%"
}
@article{Martin:1997ns,
      author         = "Martin, Stephen P.",
      title          = "{A Supersymmetry primer}",
      year           = "1997",
      doi            = "10.1142/9789812839657_0001, 10.1142/9789814307505_0001",
      note           = {Adv. Ser. Direct. High Energy Phys.18,1(1998)},
      eprint         = "hep-ph/9709356",
      archivePrefix  = "arXiv",
      primaryClass   = "hep-ph",
      reportNumber   = "FERMILAB-PUB-97-425-T",
      SLACcitation   = "%%CITATION = HEP-PH/9709356;%%"
}
@inproceedings{Wells:2009kq,
      author         = "Wells, James D.",
      title          = "{Lectures on Higgs Boson Physics in the Standard Model
                        and Beyond}",
      booktitle      = "{39th British Universities Summer School in Theoretical
                        Elementary Particle Physics (BUSSTEPP 2009) Liverpool,
                        United Kingdom, August 24-September 4, 2009}",
      url            = "https://inspirehep.net/record/832122/files/arXiv:0909.4541.pdf",
      year           = "2009",
      eprint         = "0909.4541",
      archivePrefix  = "arXiv",
      primaryClass   = "hep-ph",
      reportNumber   = "CERN-PH-TH-2009-154",
      SLACcitation   = "%%CITATION = ARXIV:0909.4541;%%"
}
@phdthesis{phd_thesis:mssm,
      author         = "Prerit Jaiswal",
      title          = "{Higgs Physics in Supersymmetric Models}",
      school         = "Stony Brook University",
      url            = "http://graduate.physics.sunysb.edu/announ/theses/jaiswal-prerit-aug-2012.pdf",
      year           = "2012",
}
@inproceedings{Asner:2013psa,
      author         = "Asner, D. M. and others",
      title          = "{ILC Higgs White Paper}",
      booktitle      = "{Proceedings, 2013 Community Summer Study on the Future
                        of U.S. Particle Physics: Snowmass on the Mississippi
                        (CSS2013): Minneapolis, MN, USA, July 29-August 6, 2013}",
      url            = "https://inspirehep.net/record/1256491/files/arXiv:1310.0763.pdf",
      year           = "2013",
      eprint         = "1310.0763",
      archivePrefix  = "arXiv",
      primaryClass   = "hep-ph",
      SLACcitation   = "%%CITATION = ARXIV:1310.0763;%%"
}
@article{Djouadi:2013vqa,
      author         = "Djouadi, Abdelhak and Quevillon, Jeremie",
      title          = "{The MSSM Higgs sector at a high $M_{SUSY}$: reopening
                        the low tan$\beta$ regime and heavy Higgs searches}",
      journal        = "JHEP",
      volume         = "10",
      year           = "2013",
      pages          = "028",
      doi            = "10.1007/JHEP10(2013)028",
      eprint         = "1304.1787",
      archivePrefix  = "arXiv",
      primaryClass   = "hep-ph",
      reportNumber   = "LPT-ORSAY-13-26",
      SLACcitation   = "%%CITATION = ARXIV:1304.1787;%%"
}

@article{Gaemers:1984,
      author         = "Gaemers K.J.F., Hoogeveen, F.",
      title          = "{Higgs production and decay into heavy flavours with the gluon fusion mechanism}",
      journal        = "Phys. Lett. B",
      volume         = "146",
      year           = "1984",
      doi            = "10.1016/0370-2693(84)91711-8"
      }
@article{Jung:2015gta,
      author         = "Jung, Sunghoon and Song, Jeonghyeon and Yoon, Yeo Woong",
      title          = "{Dip or nothingness of a Higgs resonance from the
                        interference with a complex phase}",
      journal        = "Phys. Rev.",
      volume         = "D92",
      year           = "2015",
      number         = "5",
      pages          = "055009",
      doi            = "10.1103/PhysRevD.92.055009",
      eprint         = "1505.00291",
      archivePrefix  = "arXiv",
      primaryClass   = "hep-ph",
      reportNumber   = "KIAS-P15020",
      SLACcitation   = "%%CITATION = ARXIV:1505.00291;%%"
}
@article{Djouadi:2015jea,
      author         = "Djouadi, A. and Maiani, L. and Polosa, A. and Quevillon,
                        J. and Riquer, V.",
      title          = "{Fully covering the MSSM Higgs sector at the LHC}",
      journal        = "JHEP",
      volume         = "06",
      year           = "2015",
      pages          = "168",
      doi            = "10.1007/JHEP06(2015)168",
      eprint         = "1502.05653",
      archivePrefix  = "arXiv",
      primaryClass   = "hep-ph",
      reportNumber   = "KCL-PH-TH-15-08, LPT-ORSAY-15-15",
      SLACcitation   = "%%CITATION = ARXIV:1502.05653;%%"
}
@article{Djouadi:2016eyy,
      author         = "Djouadi, Abdelhak and Ellis, John and Godbole, Rohini and
                        Quevillon, Jérémie",
      title          = "{Future Collider Signatures of the Possible 750 GeV
                        State}",
      journal        = "JHEP",
      volume         = "03",
      year           = "2016",
      pages          = "205",
      doi            = "10.1007/JHEP03(2016)205",
      eprint         = "1601.03696",
      archivePrefix  = "arXiv",
      primaryClass   = "hep-ph",
      reportNumber   = "CERN-TH-2016-008, KCL-PH-TH-2016-01, LCTS-2016-01,
                        LPT-ORSAY-16-02",
      SLACcitation   = "%%CITATION = ARXIV:1601.03696;%%"
}
@article{Baglio:2015wcg,
      author         = "Baglio, Julien and Djouadi, Abdelhak and Quevillon,
                        Jérémie",
      title          = "{Prospects for Higgs physics at energies up to 100 TeV}",
      journal        = "Rept. Prog. Phys.",
      volume         = "79",
      year           = "2016",
      number         = "11",
      pages          = "116201",
      doi            = "10.1088/0034-4885/79/11/116201",
      eprint         = "1511.07853",
      archivePrefix  = "arXiv",
      primaryClass   = "hep-ph",
      reportNumber   = "KCL-PH-TH-2015-35, LPT-15-90",
      SLACcitation   = "%%CITATION = ARXIV:1511.07853;%%"
}
@article{Harlander:2003ai,
      author         = "Harlander, Robert V. and Kilgore, William B.",
      title          = "{Higgs boson production in bottom quark fusion at
                        next-to-next-to leading order}",
      journal        = "Phys. Rev.",
      volume         = "D68",
      year           = "2003",
      pages          = "013001",
      doi            = "10.1103/PhysRevD.68.013001",
      eprint         = "hep-ph/0304035",
      archivePrefix  = "arXiv",
      primaryClass   = "hep-ph",
      reportNumber   = "BNL-HET-03-4, CERN-TH-2003-067",
      SLACcitation   = "%%CITATION = HEP-PH/0304035;%%"
}
@article{Dittmaier:2011ti,
      author         = "Dittmaier, S. and others",
      title          = "{Handbook of LHC Higgs Cross Sections: 1. Inclusive
                        Observables}",
      collaboration  = "LHC Higgs Cross Section Working Group",
      doi            = "10.5170/CERN-2011-002",
      year           = "2011",
      eprint         = "1101.0593",
      archivePrefix  = "arXiv",
      primaryClass   = "hep-ph",
      reportNumber   = "CERN-2011-002",
      SLACcitation   = "%%CITATION = ARXIV:1101.0593;%%"
}
@article{Dittmaier:2012vm,
      author         = "Dittmaier, S. and others",
      title          = "{Handbook of LHC Higgs Cross Sections: 2. Differential
                        Distributions}",
      doi            = "10.5170/CERN-2012-002",
      year           = "2012",
      eprint         = "1201.3084",
      archivePrefix  = "arXiv",
      primaryClass   = "hep-ph",
      reportNumber   = "CERN-2012-002",
      SLACcitation   = "%%CITATION = ARXIV:1201.3084;%%"
}
@article{Berge:2008dr,
      author         = "Berge, Stefan and Bernreuther, Werner",
      title          = "{Determining the CP parity of Higgs bosons at the LHC in
                        the tau to 1-prong decay channels}",
      journal        = "Phys. Lett.",
      volume         = "B671",
      year           = "2009",
      pages          = "470-476",
      doi            = "10.1016/j.physletb.2008.12.065",
      eprint         = "0812.1910",
      archivePrefix  = "arXiv",
      primaryClass   = "hep-ph",
      reportNumber   = "PITHA-08-29, MZ-TH-08-38",
      SLACcitation   = "%%CITATION = ARXIV:0812.1910;%%"
}
@article{PhysRevD.58.114031,
  title = {Signatures of Higgs bosons in the top quark decay channel at hadron colliders},
  author = {Bernreuther, W. and Flesch, M. and Haberl, P.},
  journal = {Phys. Rev. D},
  volume = {58},
  issue = {11},
  pages = {114031},
  numpages = {13},
  year = {1998},
  month = {Nov},
  publisher = {American Physical Society},
  doi = {10.1103/PhysRevD.58.114031},
  url = {https://link.aps.org/doi/10.1103/PhysRevD.58.114031}
}
@article{Carena:2016npr,
      author         = "Carena, Marcela and Liu, Zhen",
      title          = "{Challenges and opportunities for heavy scalar searches
                        in the $ t\overline{t} $ channel at the LHC}",
      journal        = "JHEP",
      volume         = "11",
      year           = "2016",
      pages          = "159",
      doi            = "10.1007/JHEP11(2016)159",
      eprint         = "1608.07282",
      archivePrefix  = "arXiv",
      primaryClass   = "hep-ph",
      reportNumber   = "FERMILAB-PUB-16-262-T",
      SLACcitation   = "%%CITATION = ARXIV:1608.07282;%%"
}
@article{Bernreuther:2015fts,
      author         = "Bernreuther, W. and Galler, P. and Mellein, C. and Si, Z.
                        G. and Uwer, P.",
      title          = "{Production of heavy Higgs bosons and decay into top
                        quarks at the LHC}",
      journal        = "Phys. Rev.",
      volume         = "D93",
      year           = "2016",
      number         = "3",
      pages          = "034032",
      doi            = "10.1103/PhysRevD.93.034032",
      eprint         = "1511.05584",
      archivePrefix  = "arXiv",
      primaryClass   = "hep-ph",
      reportNumber   = "HU-EP-15-52, TTK-15-33",
      SLACcitation   = "%%CITATION = ARXIV:1511.05584;%%"
}
@article{vonGersdorff:2015fta,
      author         = "von Gersdorff, Gero and Pontón, Eduardo and Rosenfeld,
                        Rogerio",
      title          = "{The Dynamical Composite Higgs}",
      journal        = "JHEP",
      volume         = "06",
      year           = "2015",
      pages          = "119",
      doi            = "10.1007/JHEP06(2015)119",
      eprint         = "1502.07340",
      archivePrefix  = "arXiv",
      primaryClass   = "hep-ph",
      SLACcitation   = "%%CITATION = ARXIV:1502.07340;%%"
}
@article{collins_soper,
  title = {Angular distribution of dileptons in high-energy hadron collisions},
  author = {Collins, John C. and Soper, Davison E.},
  journal = {Phys. Rev. D},
  volume = {16},
  issue = {7},
  pages = {2219--2225},
  numpages = {0},
  year = {1977},
  month = {Oct},
  publisher = {American Physical Society},
  doi = {10.1103/PhysRevD.16.2219},
  url = {https://link.aps.org/doi/10.1103/PhysRevD.16.2219}
}
@article{PhysRevD.88.012004,
  title = {Search for $t\overline{t}$ resonances in the lepton plus jets final state with ATLAS using $4.7\text{ }\text{ }{\mathrm{fb}}^{\mathbf{\ensuremath{-}}1}$ of $pp$ collisions at $\sqrt{s}\mathbf{=}7\text{ }\text{ }\mathrm{TeV}$},
  author = {ATLAS Collaboration},
  journal = {Phys. Rev. D},
  volume = {88},
  issue = {1},
  pages = {012004},
  numpages = {28},
  year = {2013},
  month = {Jul},
  publisher = {American Physical Society},
  doi = {10.1103/PhysRevD.88.012004},
  url = {https://link.aps.org/doi/10.1103/PhysRevD.88.012004}
}
@article{PhysRevLett.111.211804,
  title = {Searches for new physics using the $t\overline{t}$ invariant mass distribution in $pp$ collisions at $\sqrt{s}\mathbf{=}8\text{ }\text{ }\mathrm{TeV}$},
  author = {CMS Collaboration},
    journal = {Phys. Rev. Lett.},
  volume = {111},
  issue = {21},
  pages = {211804},
  numpages = {16},
  year = {2013},
  month = {Nov},
  publisher = {American Physical Society},
  doi = {10.1103/PhysRevLett.111.211804},
  url = {https://link.aps.org/doi/10.1103/PhysRevLett.111.211804}
}@book{Bruning:lhc,
      author        = {Brüning et al.},
      title         = {LHC Design Report},
      year          = {2004},
      publisher     = {CERN},
      address       = {Geneva},
      series        = {CERN Yellow Reports: Monographs},
      doi           = {10.5170/CERN-2004-003-V-1}
}

@article{lumi_formula,
  author={Lyndon Evans and Philip Bryant},
  title={LHC Machine},
  year={2008},
  journal={Journal of Instrumentation},
  volume={3},
  number={08},
  pages={S08001},
  url={http://stacks.iop.org/1748-0221/3/i=08/a=S08001}
  }
@misc{twiki:cms_lumi,
	institution= {CMS Collaboration},
	title = {CMS Luminosity},
	year = {2017},
	url = {https://twiki.cern.ch/twiki/bin/view/CMSPublic/LumiPublicResults}
	}
@TechReport{cms_exp,
	author = {CMS Collaboration},
  	year    		  = {2006},
  	title     	  = {CMS physics: Technical design report},
  	note      	  = {CERN-LHCC-2006-001}
  	}
@TechReport{tracker,
	author = {CMS Collaboration},
  	year    		  = {1997},
  	title     	  = {The CMS tracker system project: Technical Design Report},
  	note      	  = {CERN-LHCC-98-006}
  	}
@TechReport{ecal,
	author = {CMS Collaboration},
  	year    		  = {1997},
  	title     	  = {The CMS electromagnetic calorimeter project: Technical Design Report},
  	note      	  = {CERN-LHCC-97-033}
  	}
@article{ecal_resol,
  author={Q. Ingram et. al.},
  title={Energy resolution of the barrel of the CMS Electromagnetic Calorimeter},
  year={2007},
  journal={Journal of Instrumentation},
  volume={2},
  number={04},
  pages={P04004},
  url={http://stacks.iop.org/1748-0221/2/i=04/a=P04004}
  }
@TechReport{hcal,
	author = {CMS Collaboration},
  	year    		  = {1997},
  	title     	  = {The CMS hadron calorimeter project: Technical Design Report},
  	note      	  = {CERN-LHCC-97-031}
  	}
@article{cms_magnet,
  author={CMS Collaboration},
  title={The CMS experiment at the CERN LHC},
  year={2008},
  journal={Journal of Instrumentation},
  volume={3},
  pages={S08004},
  doi  = {10.1088/1748-0221/3/08/S08004}
  }
@TechReport{cms_muon,
	author = {CMS Collaboration},
  	year    		  = {1997},
  	title     	  = {The CMS muon project: Technical Design Report},
  	note      	  = {CERN-LHCC-97-032}
  	}
@article{1748-0221-11-08-P08019,
  author={M. Abbrescia and L. Benussi and D. Piccolo and S. Bianco and M. Ferrini and S. Muhammad and L. Passamonti and D. Pierluigi and D.
Piccolo and F. Primavera and A. Russo and G. Saviano},
  title={Eco-friendly gas mixtures for Resistive Plate Chambers based on tetrafluoropropene and Helium},
  journal={Journal of Instrumentation},
  volume={11},
  number={08},
  pages={P08019},
  url={http://stacks.iop.org/1748-0221/11/i=08/a=P08019},
  year={2016}
  }
@article{cms_trigger,
  author={CMS Collaboration},
  title ={The CMS trigger system},
  year  ={2017},
  journal={Journal of Instrumentation},
  volume ={12},
  pages  ={P01020},
  doi  = {10.1088/1748-0221/12/01/P01020}
  }
@article{1742-6596-515-1-012012,
  author={P La Rocca and F Riggi},
  title={The upgrade programme of the major experiments at the Large Hadron Collider},
  journal={Journal of Physics: Conference Series},
  volume={515},
  number={1},
  pages={012012},
  url={http://stacks.iop.org/1742-6596/515/i=1/a=012012},
  year={2014}
  }
@misc{hl_lhc_industry,
	institution= {HL-LHC Industry},
	title = {Industry Relations and Procurement Website for the HL-LHC project},
	url = {https://project-hl-lhc-industry.web.cern.ch/content/project-schedule}
	}
@book{Apollinari:2116337,
      author        = "Apollinari, G and Béjar Alonso, I and Brüning, O and
                       Lamont, M and Rossi, L",
      title         = "{High-Luminosity Large Hadron Collider (HL-LHC):
                       Preliminary Design Report}",
      publisher     = "CERN",
      address       = "Geneva",
      series        = "CERN Yellow Reports: Monographs",
      year          = "2015",
      url           = "http://cds.cern.ch/record/2116337",
}
@techreport{Collaboration:2283189,
      author        = "Collaboration, CMS",
      title         = "{The Phase-2 Upgrade of the CMS Muon Detectors}",
      institution   = "CERN",
      address       = "Geneva",
      number        = "CERN-LHCC-2017-012. CMS-TDR-016",
      month         = "Sep",
      year          = "2017",
      reportNumber  = "CERN-LHCC-2017-012",
      url           = "http://cds.cern.ch/record/2283189",
      note          = "This is the final version, approved by the LHCC.",
}










@InProceedings{JAKEL2014,
  author = {M.R. Jäkel et al.},
  title = {CERN GIF ++ : A new irradiation facility to test large-area particle detectors for the high-luminosity LHC program},
  year = {2014},
  publisher = {PoS},
  volume = {TIPP2014},
  pages = {102-109}
}

@article{Pfeiffer:2016hnl,
      author         = "Pfeiffer, Dorothea and Gorine, Georgi and Reithler, Hans
                        and Biskup, Bartolomej and Day, Alasdair and Fabich,
                        Adrian and Germa, Joffrey and Guida, Roberto and Jaekel,
                        Martin and Ravotti, Federico",
      title          = "{The radiation field in the Gamma Irradiation Facility
                        GIF++ at CERN}",
      journal        = "Nucl. Instrum. Meth.",
      volume         = "A866",
      year           = "2017",
      pages          = "91-103",
      doi            = "10.1016/j.nima.2017.05.045",
      eprint         = "1611.00299",
      archivePrefix  = "arXiv",
      primaryClass   = "physics.ins-det",
      SLACcitation   = "%%CITATION = ARXIV:1611.00299;%%"
}


@Article{cms-lhc,
  author = {CMS Collaboration},
  title = {The CMS experiment at the CERN LHC},
  journal = {JINST},
  year = {2008},
  number = {3 S08004},
  doi    = {10.1088/1748-0221/3/08/S08004}
  }

@Article{muon-sys,
  author = {CMS Collaboration},
  title = {The performance of the CMS muon detector in proton-proton collisions at $\sqrt{s}$ = 7 TeV at the LHC},
  journal = {JINST},
  year = {2013},
  number = {P11002},
  doi    = {10.1088/1748-0221/8/11/P11002}
  }
  
@article{1748-0221-11-09-C09006,
  author={F. Lagarde et al.},
  title={High rate, fast timing Glass RPC for the high eta CMS muon detectors},
  journal={Journal of Instrumentation},
  volume={11},
  number={09},
  pages={C09006},
  url={http://stacks.iop.org/1748-0221/11/i=09/a=C09006},
  year={2016}
}

@misc{twiki:wincc-oa,
  author = {CERN EN-Department},
  title = {WinCC Open Architecture (OA) Service},
  year = {2017},
  url = {https://readthedocs.web.cern.ch/display/ICKB/WinCC-OA+Service}
}

@TechReport{phase2,
	author    = {CMS Collaboration},
  	institution  = {CERN. Geneva. LHC Experiments Committee},
  	year    = {2015},
  	title     = {Technical {P}roposal for the {P}hase-{II U}pgrade of the {CMS} {D}etector},
  	note      = {CERN-LHCC-2015-010}
  	}
  	
@misc{wincc_oa,
    institution      = {SIEMENS},
    title = {SIMATIC WinCC Open Architecture},
    url   = {https://www.automation.siemens.com/salesmaterial-as/brochure/en/brochure_simatic-wincc_oa_en.pdf},
    }
@misc{wincc_managers,
    institution      = {SIEMENS},
    title = {SIMATIC WinCC Open Architecture},
    url   = {http://www.etm.at/index_e.asp?id=2&sb1=25&sb2=31},
    }  

@InProceedings{jcop,
  author = {O. Holme et al.},
  title = {THE JCOP FRAMEWORK},
  year = {2005},
  publisher = {ICALEPCS}
}  

@InProceedings{g-polese,
  author = {G. Polese et al.},
  title = {The Detector Control Systems for the CMS Resistive Plate Chamber},
  year = {2010},
  publisher = {J. Phys.},
  series = {219 (2010) 022019},  
  doi = {10.1088/1742-6596/219/2/022019}
}
@article{opc,
  Title = {Integrating OPC Data into GSN Infrastructures},
  author = {Passalacqua et al.},
  eprint = {0808.0055v1},
  eprinttype = {arxiv},
  year = {08/2008},
  note = {IADIS International Conference APPLIED COMPUTING 2008, Algarve : Portugal (2008)}
  }

@InProceedings{salvador,
  author = {Salvador Carrillo},
  title = {CMS RPC preliminary results for aging studies at new CERN GIF++ facility},
  year = {February, 2016},
  note = {XIII RPC worksop and related detectors, UGent Belgium}
  }

@article{ABBRESCIA2004102,
title = "Study of long-term performance of CMS RPC under irradiation at the CERN GIF",
author = "M. Abbrescia et al.",
journal = "Nuclear Instruments and Methods in Physics Research Section A: Accelerators, Spectrometers, Detectors and Associated Equipment",
volume = "533",
number = "1",
pages = "102 - 106",
year = "2004",
note = "Proceedings of the Seventh International Workshop on Resistive Plate Chambers and Related Detectors",
issn = "0168-9002",
doi = "https://doi.org/10.1016/j.nima.2004.07.009",
url = "http://www.sciencedirect.com/science/article/pii/S0168900204014135",
}


@TechReport{feb,
  author    = {CERN. Geneva. LHC Experiments Committee},
  institution   = {CMS Collaboration},
  year    = {1997},
  title     = {The Muon Project Technical Design Report},
  note      = {CERN/LHC 97-32, CMS TDR 3, 15 December, 1997}
     }

@article{env-rpc,
  author = {M. Abbrescia et al.},
  title = {Operation, performance and upgrade of the CMS Resistive Plate Chamber system at LHC},
  journal = {Nucl. Instr. and Meth.},
  year = {2013},
  number = {732, 195 (2013)},
  doi  = {10.1016/j.nima.2013.05.150}
  }

@article{hv-eff,
  author = {F. Thyssen et at.},
  title = {Performance of the Resistive Plate Chambers in the CMS experiment},
  journal = {JINST},
  year = {2012},
  number = {7 (2012) C01104},
  doi  = {10.1088/1748-0221/7/01/C01104}
  }
@article{simulated_event,
      author         = "Gleisberg, T. and Hoeche, Stefan. and Krauss, F. and
                        Schonherr, M. and Schumann, S. and Siegert, F. and Winter,
                        J.",
      title          = "{Event generation with SHERPA 1.1}",
      journal        = "JHEP",
      volume         = "02",
      year           = "2009",
      pages          = "007",
      doi            = "10.1088/1126-6708/2009/02/007",
      eprint         = "0811.4622",
      archivePrefix  = "arXiv",
      primaryClass   = "hep-ph",
      reportNumber   = "FERMILAB-PUB-08-477-T, SLAC-PUB-13420, ZU-TH-17-08,
                        DCPT-08-138, IPPP-08-69, EDINBURGH-2008-30, MCNET-08-14",
      SLACcitation   = "%%CITATION = ARXIV:0811.4622;%%"
}
@article{hard_scatter,
      author         = "Campbell, John M. and Huston, J. W. and Stirling, W. J.",
      title          = "{Hard Interactions of Quarks and Gluons: A Primer for LHC
                        Physics}",
      journal        = "Rept. Prog. Phys.",
      volume         = "70",
      year           = "2007",
      pages          = "89",
      doi            = "10.1088/0034-4885/70/1/R02",
      eprint         = "hep-ph/0611148",
      archivePrefix  = "arXiv",
      primaryClass   = "hep-ph",
      SLACcitation   = "%%CITATION = HEP-PH/0611148;%%"
}
@inproceedings{Placakyte:2011az,
      author         = "Placakyte, Ringaile",
      title          = "{Parton Distribution Functions}",
      booktitle      = "{Proceedings, 31st International Conference on Physics in
                        collisions (PIC 2011): Vancouver, Canada, August
                        28-September 1, 2011}",
      url            = "https://inspirehep.net/record/954990/files/arXiv:1111.5452.pdf",
      year           = "2011",
      eprint         = "1111.5452",
      archivePrefix  = "arXiv",
      primaryClass   = "hep-ph",
      SLACcitation   = "%%CITATION = ARXIV:1111.5452;%%"
}

@misc{nnpdf_sets,
  author = {NNPDF Collaboration},
  title = {NNPDF sets},
  year = {2017},
  url = {http://nnpdf.mi.infn.it/}
}

@article{parton_shower,
      author         = "Buckley, Andy and others",
      title          = "{General-purpose event generators for LHC physics}",
      journal        = "Phys. Rept.",
      volume         = "504",
      year           = "2011",
      pages          = "145-233",
      doi            = "10.1016/j.physrep.2011.03.005",
      eprint         = "1101.2599",
      archivePrefix  = "arXiv",
      primaryClass   = "hep-ph",
      reportNumber   = "CAVENDISH-HEP-10-21, CERN-PH-TH-2010-298, DCPT-10-202,
                        HD-THEP-10-24, IPPP-10-101, KA-TP-40-2010, LU-TP-10-28,
                        MAN-HEP-2010-23, MCNET-11-01, SLAC-PUB-14333,
                        --HD-THEP-10-24, --MCNET-11-01",
      SLACcitation   = "%%CITATION = ARXIV:1101.2599;%%"
}
@inproceedings{matching,
      author         = "Hoeche, Stefan and Krauss, Frank and Lavesson, Nils and
                        Lonnblad, Leif and Mangano, Michelangelo and Schalicke,
                        Andreas and Schumann, Steffen",
      title          = "{Matching parton showers and matrix elements}",
      booktitle      = "{HERA and the LHC: A Workshop on the implications of HERA
                        for LHC physics: Proceedings Part A}",
      year           = "2005",
      url            = "https://inspirehep.net/record/709818/files/arXiv:hep-ph_0602031.pdf",
      pages          = "288-289",
      doi            = "10.5170/CERN-2005-014.288",
      eprint         = "hep-ph/0602031",
      archivePrefix  = "arXiv",
      primaryClass   = "hep-ph",
      SLACcitation   = "%%CITATION = HEP-PH/0602031;%%"
}
@inproceedings{Mena:2018zyu,
      author         = "Mena, C. and Palhares, L. F.",
      title          = "{Quark-antiquark potentials in non-perturbative models}",
      booktitle      = "{14th International Workshop on Hadron Physics (Hadron
                        Physics 2018) Florianopolis, Santa Catarina, Brazil, March
                        18-23, 2018}",
      url            = "https://inspirehep.net/record/1670037/files/1804.09564.pdf",
      year           = "2018",
      eprint         = "1804.09564",
      archivePrefix  = "arXiv",
      primaryClass   = "hep-ph",
      SLACcitation   = "%%CITATION = ARXIV:1804.09564;%%"
}
@article{hadronization,
      author         = "Norrbin, E. and Sjostrand, T.",
      title          = "{Production and hadronization of heavy quarks}",
      journal        = "Eur. Phys. J.",
      volume         = "C17",
      year           = "2000",
      pages          = "137-161",
      doi            = "10.1007/s100520000460",
      eprint         = "hep-ph/0005110",
      archivePrefix  = "arXiv",
      primaryClass   = "hep-ph",
      reportNumber   = "LU-TP-00-16",
      SLACcitation   = "%%CITATION = HEP-PH/0005110;%%"
}
@article{Agostinelli:2002hh,
      author         = "Agostinelli, S. and others",
      title          = "{GEANT4: A Simulation toolkit}",
      collaboration  = "GEANT4",
      journal        = "Nucl. Instrum. Meth.",
      volume         = "A506",
      year           = "2003",
      pages          = "250-303",
      doi            = "10.1016/S0168-9002(03)01368-8",
      reportNumber   = "SLAC-PUB-9350, FERMILAB-PUB-03-339",
      SLACcitation   = "%%CITATION = NUIMA,A506,250;%%"
}
@article{madgraph,
      author         = "Maltoni, Fabio and Stelzer, Tim",
      title          = "{MadEvent: Automatic event generation with MadGraph}",
      journal        = "JHEP",
      volume         = "02",
      year           = "2003",
      pages          = "027",
      doi            = "10.1088/1126-6708/2003/02/027",
      eprint         = "hep-ph/0208156",
      archivePrefix  = "arXiv",
      primaryClass   = "hep-ph",
      SLACcitation   = "%%CITATION = HEP-PH/0208156;%%"
}
@article{pdf_sets,
      author         = "Buckley, Andy and Ferrando, James and Lloyd, Stephen and
                        Nordström, Karl and Page, Ben and Rüfenacht, Martin and
                        Schönherr, Marek and Watt, Graeme",
      title          = "{LHAPDF6: parton density access in the LHC precision
                        era}",
      journal        = "Eur. Phys. J.",
      volume         = "C75",
      year           = "2015",
      pages          = "132",
      doi            = "10.1140/epjc/s10052-015-3318-8",
      eprint         = "1412.7420",
      archivePrefix  = "arXiv",
      primaryClass   = "hep-ph",
      reportNumber   = "GLAS-PPE-2014-05, MCNET-14-29, IPPP-14-111, DCPT-14-222",
      SLACcitation   = "%%CITATION = ARXIV:1412.7420;%%"
}
@article{lund_string_model,
  author={B Andersson},
  title={Revisiting the Lund model},
  journal={Journal of Physics G: Nuclear and Particle Physics},
  volume={17},
  number={10},
  pages={1507},
  url={http://stacks.iop.org/0954-3899/17/i=10/a=005},
  year={1991}
}
@article{pythia,
      author         = "Sjostrand, Torbjorn and Mrenna, Stephen and Skands, Peter
                        Z.",
      title          = "{PYTHIA 6.4 Physics and Manual}",
      journal        = "JHEP",
      volume         = "05",
      year           = "2006",
      pages          = "026",
      doi            = "10.1088/1126-6708/2006/05/026",
      eprint         = "hep-ph/0603175",
      archivePrefix  = "arXiv",
      primaryClass   = "hep-ph",
      reportNumber   = "FERMILAB-PUB-06-052-CD-T, LU-TP-06-13",
      SLACcitation   = "%%CITATION = HEP-PH/0603175;%%"
}
@article{powheg,
      author         = "Frixione, Stefano and Nason, Paolo and Oleari, Carlo",
      title          = {Matching NLO QCD computations with Parton Shower
                        simulations: the POWHEG method},
      journal        = "JHEP",
      volume         = "11",
      year           = "2007",
      pages          = "070",
      doi            = "10.1088/1126-6708/2007/11/070",
      eprint         = "0709.2092",
      archivePrefix  = "arXiv",
      primaryClass   = "hep-ph",
      reportNumber   = "BICOCCA-FT-07-9, GEF-TH-21-2007",
      SLACcitation   = "%%CITATION = ARXIV:0709.2092;%%"
}
@article{mcanlo,
      author         = "Frixione, Stefano and Webber, Bryan R.",
      title          = "{Matching NLO QCD computations and parton shower
                        simulations}",
      journal        = "JHEP",
      volume         = "06",
      year           = "2002",
      pages          = "029",
      doi            = "10.1088/1126-6708/2002/06/029",
      eprint         = "hep-ph/0204244",
      archivePrefix  = "arXiv",
      primaryClass   = "hep-ph",
      reportNumber   = "CAVENDISH-HEP-02-01, LAPTH-905-02, GEF-TH-2-2002",
      SLACcitation   = "%%CITATION = HEP-PH/0204244;%%"
}
@article{herwig,
      author         = "Corcella, G. and Knowles, I. G. and Marchesini, G. and
                        Moretti, S. and Odagiri, K. and Richardson, P. and
                        Seymour, M. H. and Webber, B. R.",
      title          = "{HERWIG 6: An Event generator for hadron emission
                        reactions with interfering gluons (including
                        supersymmetric processes)}",
      journal        = "JHEP",
      volume         = "01",
      year           = "2001",
      pages          = "010",
      doi            = "10.1088/1126-6708/2001/01/010",
      eprint         = "hep-ph/0011363",
      archivePrefix  = "arXiv",
      primaryClass   = "hep-ph",
      reportNumber   = "CAVENDISH-HEP-99-03, CERN-TH-2000-284, RAL-TR-2000-048",
      SLACcitation   = "%%CITATION = HEP-PH/0011363;%%"
}
@article{2hdmc,
      author         = "Eriksson, David and Rathsman, Johan and Stal, Oscar",
      title          = "{2HDMC: Two-Higgs-Doublet Model Calculator Physics and
                        Manual}",
      journal        = "Comput. Phys. Commun.",
      volume         = "181",
      year           = "2010",
      pages          = "189-205",
      doi            = "10.1016/j.cpc.2009.09.011",
      eprint         = "0902.0851",
      archivePrefix  = "arXiv",
      primaryClass   = "hep-ph",
      SLACcitation   = "%%CITATION = ARXIV:0902.0851;%%"
}
@article{sushi,
      author         = "Harlander, Robert V. and Liebler, Stefan and Mantler,
                        Hendrik",
      title          = "{SusHi: A program for the calculation of Higgs production
                        in gluon fusion and bottom-quark annihilation in the
                        Standard Model and the MSSM}",
      journal        = "Comput. Phys. Commun.",
      volume         = "184",
      year           = "2013",
      pages          = "1605-1617",
      doi            = "10.1016/j.cpc.2013.02.006",
      eprint         = "1212.3249",
      archivePrefix  = "arXiv",
      primaryClass   = "hep-ph",
      reportNumber   = "WUB-12-28, LPN12-134",
      SLACcitation   = "%%CITATION = ARXIV:1212.3249;%%"
}
@article{Czakon:top_pp,
      author         = "Czakon, Michal and Mitov, Alexander",
      title          = "{Top++: A Program for the Calculation of the Top-Pair
                        Cross-Section at Hadron Colliders}",
      journal        = "Comput. Phys. Commun.",
      volume         = "185",
      year           = "2014",
      pages          = "2930",
      doi            = "10.1016/j.cpc.2014.06.021",
      eprint         = "1112.5675",
      archivePrefix  = "arXiv",
      primaryClass   = "hep-ph",
      reportNumber   = "CERN-PH-TH-2011-303, TTK-11-58",
      SLACcitation   = "%%CITATION = ARXIV:1112.5675;%%"
}
@inproceedings{Beaudette:2014cea,
      author         = "Beaudette, Florian",
      title          = "{The CMS Particle Flow Algorithm}",
      booktitle      = "{Proceedings, International Conference on Calorimetry for
                        the High Energy Frontier (CHEF 2013): Paris, France, April
                        22-25, 2013}",
      collaboration  = "CMS",
      year           = "2013",
      url            = "https://inspirehep.net/record/1279774/files/arXiv:1401.8155.pdf",
      pages          = "295-304",
      eprint         = "1401.8155",
      archivePrefix  = "arXiv",
      primaryClass   = "hep-ex",
      SLACcitation   = "%%CITATION = ARXIV:1401.8155;%%"
}
@article{Chatrchyan:2014fea,
      author         = "Chatrchyan, Serguei and others",
      title          = "{Description and performance of track and primary-vertex
                        reconstruction with the CMS tracker}",
      collaboration  = "CMS",
      journal        = "JINST",
      volume         = "9",
      year           = "2014",
      number         = "10",
      pages          = "P10009",
      doi            = "10.1088/1748-0221/9/10/P10009",
      eprint         = "1405.6569",
      archivePrefix  = "arXiv",
      primaryClass   = "physics.ins-det",
      reportNumber   = "CMS-TRK-11-001, CERN-PH-EP-2014-070",
      SLACcitation   = "%%CITATION = ARXIV:1405.6569;%%"
}
@article{Fruhwirth:1987fm,
      author         = "Fruhwirth, R.",
      title          = "{Application of Kalman filtering to track and vertex
                        fitting}",
      journal        = "Nucl. Instrum. Meth.",
      volume         = "A262",
      year           = "1987",
      pages          = "444-450",
      doi            = "10.1016/0168-9002(87)90887-4",
      reportNumber   = "HEPHY-PUB-87-503",
      SLACcitation   = "%%CITATION = NUIMA,A262,444;%%"
}
@article{0954-3899-34-12-N01,
  author={Wolfgang Waltenberger and Rudolf Frühwirth and Pascal Vanlaer},
  title={Adaptive vertex fitting},
  journal={Journal of Physics G: Nuclear and Particle Physics},
  volume={34},
  number={12},
  pages={N343},
  url={http://stacks.iop.org/0954-3899/34/i=12/a=N01},
  year={2007}
}





@article{Alwall:2011uj,
      author         = "Alwall, Johan and Herquet, Michel and Maltoni, Fabio and Mattelaer, Olivier and Stelzer, Tim",
      title          = "{MadGraph~5: {G}oing beyond}",
      journal        = "JHEP",
      volume         = "1106",
      pages          = "128",
      doi            = "10.1007/JHEP06(2011)128",
      year           = "2011",
      eprint         = "1106.0522",
      archivePrefix  = "arXiv",
      primaryClass   = "hep-ph",
      reportNumber   = "FERMILAB-PUB-11-448-T",
      SLACcitation   = "%%CITATION = ARXIV:1106.0522;%%",
}
@misc{MassiveHiggsUFO,
      author         = "Andrey Popov",
      title          = "HTTMadgraphDocumentation",
      collaboration  = "IPNL-CMS",
	  url            = "https://github.com/IPNL-CMS/HTTMadgraphDocumentation/tree/master/model/Massive_Higgs_UFO"
	  }

@article{Spira:1995rr,
      author         = "Spira, M. and Djouadi, A. and Graudenz, D. and Zerwas, P. M.",
      title          = "{H}iggs boson production at the {LHC}",
      journal        = "Nucl. Phys. B",
      volume         = "453",
      year           = "1995",
      pages          = "17-82",
      doi            = "10.1016/0550-3213(95)00379-7",
      eprint         = "hep-ph/9504378",
      archivePrefix  = "arXiv",
      primaryClass   = "hep-ph",
      reportNumber   = "DESY-94-123, UDEM-GPP-TH-95-16, CERN-TH-95-30, CERN-TH-95-030",
      SLACcitation   = "%%CITATION = HEP-PH/9504378;%%"
}
@article{Hespel:2016qaf,
      author         = "Hespel, B. and Maltoni, F. and Vryonidou, E.",
      title          = "Signal background interference effects in heavy scalar production and decay to a top-anti-top pair",
      journal        = "JHEP",
      volume         = "10",
      year           = "2016",
      pages          = "016",
      doi            = "10.1007/JHEP10(2016)016",
      eprint         = "1606.04149",
      archivePrefix  = "arXiv",
      primaryClass   = "hep-ph",
      reportNumber   = "CP3-16-30, MCNET-16-19",
      SLACcitation   = "%%CITATION = ARXIV:1606.04149;%%"
}

@article{Ball:2014uwa,
      author         = "Ball, Richard D. and others",
      title          = "Parton distributions for the {LHC} {Run} {II}",
      collaboration  = "NNPDF",
      journal        = "JHEP",
      volume         = "04",
      year           = "2015",
      pages          = "040",
      doi            = "10.1007/JHEP04(2015)040",
      eprint         = "1410.8849",
      archivePrefix  = "arXiv",
      primaryClass   = "hep-ph",
      reportNumber   = "EDINBURGH-2014-15, IFUM-1034-FT, CERN-PH-TH-2013-253,
                        OUTP-14-11P, CAVENDISH-HEP-14-11",
      SLACcitation   = "%%CITATION = ARXIV:1410.8849;%%"
}

@article{Sjostrand:2007gs,
      author         = "Sj{\"o}strand, Torbj{\"o}rn and Mrenna, Stephen and Skands, Peter",
      title          = "A brief introduction to {PYTHIA} 8.1",
      journal        = "Comp. Phys. Comm.",
      volume         = "178",
      pages          = "852",
      doi            = "10.1016/j.cpc.2008.01.036",
      year           = "2008",
      eprint         = "0710.3820",
      archivePrefix  = "arXiv",
      primaryClass   = "hep-ph",
      reportNumber   = "FERMILAB-PUB-07-512-CD-T, LU-TP-07-28",
      SLACcitation   = "%%CITATION = HEP-PH/0603175;%%",
}
@techreport{CMS-PAS-TOP-16-021,
      author         = {{CMS Collaboration}},
      collaboration  = {{CMS}},
      title          = {Investigations of the impact of the parton shower tuning in {Pythia}~8 in the modelling of $t\bar t$ at $\sqrt s = 8$ and 13\,{TeV}},
      type           = {{CMS} Physics Analysis Summary},
      number         = {TOP-16-021},
      year           = {2016},
      reportNumber   = {CMS-PAS-TOP-16-021},
      url            = {http://cds.cern.ch/record/2235192},
      SLACcitation   = {%%CITATION = CMS-PAS-TOP-16-021;%%}
}
@misc{MadGraphIntDecays,
      author         = "Sébastien Brochet",
      title          = "Decay processes cannot specify squared orders constraints",
      note           = {\url{https://bugs.launchpad.net/mg5amcnlo/+bug/1511378}}
}



@techreport{CMS-PAS-LUM-17-001,
      author         = {{CMS Collaboration}},
      collaboration  = {{CMS}},
      title          = {{CMS} luminosity measurements for the 2016 data-taking period},
      type           = {{CMS} Physics Analysis Summary},
      number         = {LUM-17-001},
      year           = {2017},
      reportNumber   = {CMS-PAS-LUM-17-001},
      url            = {https://cds.cern.ch/record/2257069},
      SLACcitation   = {%%CITATION = CMS-PAS-LUM-17-001;%%}
}

@article{Nason:2004rx,
      author         = "Nason, Paolo",
      title          = "A new method for combining {NLO QCD} with shower {M}onte {C}arlo algorithms",
      journal        = "JHEP",
      volume         = "11",
      pages          = "040",
      doi            = "10.1088/1126-6708/2004/11/040",
      year           = "2004",
      eprint         = "hep-ph/0409146",
      archivePrefix  = "arXiv",
      primaryClass   = "hep-ph",
      reportNumber   = "BICOCCA-FT-04-11",
      SLACcitation   = "%%CITATION = HEP-PH/0409146;%%",
}

@misc{Wiki:CrossSections,
      author         = "Tomislav Seva, Henry Yee-Shian Tong",
      title          = "Standard Model Cross Sections for CMS at 13 TeV", 
      howpublished   = {{\url{https://twiki.cern.ch/twiki/bin/view/CMS/StandardModelCrossSectionsat13TeV?rev=24}}
}}

@techreport{CMS-AN-13-113,
      author         = {Anuar, A. et. al},
      title          = {Search for $H \rightarrow b\bar b$ in association with single top quarks as a test of Higgs boson couplings},
      type           = {CMS Analysis Note},
      number         = {AN-13-113},
      year           = {2014},
      url            = {http://cms.cern.ch/iCMS/jsp/db_notes/noteInfo.jsp?cmsnoteid=CMS\%20AN-2013/113}
}


@article{Loginov:2010zz,
      author         = "Loginov, A.",
      title          = "Strategies of data-driven estimations of $t\bar t$~backgrounds in {ATLAS}",
      booktitle      = "3rd international workshop on top quark physics (TOP2010)",
      journal        = "Nuovo Cim. C",
      volume         = "033",
      year           = "2010",
      number         = "4",
      pages          = "175-182",
      doi            = "10.1393/ncc/i2010-10657-2",
      url            = {https://cds.cern.ch/record/1287126},
      SLACcitation   = "%%CITATION = NUCIA,C033,175;%%"
}
@article{CMS-PAS-PFT-10-002,
     collaboration = "CMS",
     title        = "Commissioning of the Particle-Flow reconstruction in
                      Minimum-Bias and Jet Events from pp Collisions at 7 TeV",
     JOURNAL     = "CMS Physics Analysis Summary",
     VOLUME      = "{CMS-PAS-PFT-10-002}",
     year         = "2010",
}
@article{Chatrchyan:2012xi,
      author         = "Chatrchyan, Serguei and others",
      title          = {Performance of {CMS} muon reconstruction in $pp$~collision events at $\sqrt{s}=7$\,{TeV}},
      collaboration  = "CMS",
      journal        = "JINST",
      volume         = "7",
      year           = "2012",
      pages          = "P10002",
      doi            = "10.1088/1748-0221/7/10/P10002",
      eprint         = "1206.4071",
      archivePrefix  = "arXiv",
      primaryClass   = "physics.ins-det",
      reportNumber   = "CMS-MUO-10-004, CERN-PH-EP-2012-173",
      SLACcitation   = "%%CITATION = ARXIV:1206.4071;%%"
}

@misc{Wiki:MuonID,
      note           = {\url{https://twiki.cern.ch/twiki/bin/view/CMS/SWGuideMuonIdRun2?rev=28}}
}
@article{Khachatryan:2015hwa,
      author         = "Khachatryan, Vardan and others",
      title          = {Performance of electron reconstruction and selection with the {CMS} detector in proton-proton collisions at $\sqrt s = 8$\,{TeV}},
      collaboration  = "CMS",
      journal        = "JINST",
      volume         = "10",
      year           = "2015",
      number         = "06",
      pages          = "P06005",
      doi            = "10.1088/1748-0221/10/06/P06005",
      eprint         = "1502.02701",
      archivePrefix  = "arXiv",
      primaryClass   = "physics.ins-det",
      reportNumber   = "CMS-EGM-13-001, CERN-PH-EP-2015-004",
      SLACcitation   = "%%CITATION = ARXIV:1502.02701;%%"
}

@misc{Wiki:ElectronID,
      author         = "Ilya Kravchenko",
      title          = "Cut Based Electron ID for Run 2",
      collaboration  = "CMS",      
      howpublished           = {\url{https://twiki.cern.ch/twiki/bin/viewauth/CMS/CutBasedElectronIdentificationRun2?rev=41}}
}
@article{Cacciari:2008gp,
      author         = "Cacciari, Matteo and Salam, Gavin P. and Soyez, Gregory",
      title          = "The anti-$k_t$ jet clustering algorithm",
      journal        = "JHEP",
      volume         = "04",
      pages          = "063",
      doi            = "10.1088/1126-6708/2008/04/063",
      year           = "2008",
      eprint         = "0802.1189",
      archivePrefix  = "arXiv",
      primaryClass   = "hep-ph",
      reportNumber   = "LPTHE-07-03",
      SLACcitation   = "%%CITATION = ARXIV:0802.1189",
}
@article{Sirunyan:2017ezt,
      author         = "Sirunyan, A. M. and others",
      title          = "{Identification of heavy-flavour jets with the CMS
                        detector in pp collisions at 13 TeV}",
      collaboration  = "CMS",
      journal        = "JINST",
      volume         = "13",
      year           = "2018",
      number         = "05",
      pages          = "P05011",
      doi            = "10.1088/1748-0221/13/05/P05011",
      eprint         = "1712.07158",
      archivePrefix  = "arXiv",
      primaryClass   = "physics.ins-det",
      reportNumber   = "CMS-BTV-16-002, CERN-EP-2017-326",
      SLACcitation   = "%%CITATION = ARXIV:1712.07158;%%"
}

@misc{Wiki:JetID,
      note           = {\url{https://twiki.cern.ch/twiki/bin/view/CMS/JetID13TeVRun2016?rev=7}}
}

@article{Khachatryan:2016kdb,
      author         = "Khachatryan, Vardan and others",
      title          = {Jet energy scale and resolution in the {CMS} experiment in $pp$~collisions at 8\,{TeV}},
      collaboration  = "CMS",
      journal        = "JINST",
      volume         = "12",
      year           = "2017",
      number         = "02",
      pages          = "P02014",
      doi            = "10.1088/1748-0221/12/02/P02014",
      eprint         = "1607.03663",
      archivePrefix  = "arXiv",
      primaryClass   = "hep-ex",
      reportNumber   = "CMS-JME-13-004, CERN-PH-EP-2015-305",
      SLACcitation   = "%%CITATION = ARXIV:1607.03663;%%"
}
@misc{Wiki:JetResolution,
      note           = {\url{https://twiki.cern.ch/twiki/bin/view/CMS/JetResolution?rev=56}}
}

@techreport{CMS-AN-16-116,
      author         = {Iashvili, Ia and Harrington, Charles and Perloff, Alexx},
      title          = {Jet energy and angular resolutions in 13\,{TeV} simulation},
      type           = {{CMS} Analysis Note},
      number         = {AN-16-116},
      year           = {2016},
      url            = {http://cms.cern.ch/iCMS/jsp/db_notes/noteInfo.jsp?cmsnoteid=CMS\%20AN-2016/116}
}
@techreport{CMS-DP-2016-020,
      author         = {{CMS Collaboration}},
      collaboration  = {{CMS}},
      title          = {Jet energy scale and resolution performances with 13\,{TeV} data},
      type           = {{CMS} Performance Note},
      number         = {DP-2016-020},
      year           = {2016},
      reportNumber   = {CMS-DP-2016-020},
      url            = {https://cds.cern.ch/record/2160347}
}
@techreport{CMS-AN-16-351,
      author         = {Karavdina, Anastasia and Niedziela, Marek and Sonneveld, Jory},
      title          = {Jet transverse momentum resolution measurement using dijet events at $\sqrt s = 13$\,{TeV}},
      type           = {{CMS} Analysis Note},
      number         = {AN-16-351},
      year           = {2016},
      url            = {http://cms.cern.ch/iCMS/jsp/db_notes/noteInfo.jsp?cmsnoteid=CMS\%20AN-2016/351}
}
@techreport{CMS-PAS-JME-16-004,
      author          = {{CMS Collaboration}},
      collaboration  = {{CMS}},
      title          = {Performance of missing energy reconstruction in 13\,{TeV} $pp$~collision data using the CMS detector},
      type           = {{CMS} Physics Analysis Summary},
      number         = {JME-16-004},
      year           = {2016},
      reportNumber   = {CMS-PAS-JME-16-004},
      url            = {https://cds.cern.ch/record/2205284},
      SLACcitation   = {%%CITATION = CMS-PAS-JME-16-004;%%}
}

@misc{Talk:DTI,
      author         = {Butz, Erik},
      note           = {\url{https://indico.cern.ch/event/560226/contributions/2277448/}}
}

@misc{Talk:SpuriousMuons,
      note           = {\url{https://indico.cern.ch/event/598195/contributions/2429716/}}
}

@misc{HN:GiovanniFilters,
      note           = {\url{https://hypernews.cern.ch/HyperNews/CMS/get/physics-validation/2786.html}}
}

@misc{Talk:ECALGainSwitch,
      note           = {\url{https://indico.cern.ch/event/598195/contributions/2432685/}}
}
@misc{Talk:FebReMiniAOD,
      note           = {\url{https://indico.cern.ch/event/602633/contributions/2462363/}}
}
@misc{Wiki:METFilters,
      author         = {Zeynep Demiragli et. al},
      type           = {cms twiki},
      note           = {\url{https://twiki.cern.ch/twiki/bin/viewauth/CMS/MissingETOptionalFiltersRun2?rev=106\#Moriond\_2017}}
}

@misc{Talk:ECALTPFilter,
      author         = {Call, Kenneth Remington and Hatakeyama, Kenichi and Liu, Hongxuan and Sharma, Seema},
      note           = {\url{https://indico.cern.ch/event/401529/contributions/1845064/}}
}
@article{Betchart:2013nba,
      author         = "Betchart, Burton A. and Demina, Regina and Harel, Amnon",
      title          = "Analytic solutions for neutrino momenta in decay of top quarks",
      journal        = "Nucl. Instrum. Meth. A",
      volume         = "736",
      year           = "2014",
      pages          = "169-178",
      doi            = "10.1016/j.nima.2013.10.039",
      eprint         = "1305.1878",
      archivePrefix  = "arXiv",
      primaryClass   = "hep-ph",
      SLACcitation   = "%%CITATION = ARXIV:1305.1878;%%"
}


@misc{Wiki:PileupReweighting,
      author         = "Michael Hildreth",
      title          = "Pileup Reweighting Utilities",
      note           = {\url{https://twiki.cern.ch/twiki/bin/viewauth/CMS/PileupMCReweightingUtilities?rev=29}}
}

@misc{Wiki:PileupJSON,
      author         = "MichaelHildreth",
      title          = "Utilities for Accessing Pileup Information for Data",
      note           = {\url{https://twiki.cern.ch/twiki/bin/viewauth/CMS/PileupJSONFileforData?rev=28}}
}
@techreport{CMS-PAS-BTV-15-001,
      author         = {{CMS Collaboration}},
      collaboration  = {{CMS}},
      title          = {Identification of $b$~quark jets at the {CMS} experiment in the {LHC} {Run}~2},
      type           = {{CMS} Physics Analysis Summary},
      number         = {BTV-15-001},
      year           = {2016},
      reportNumber   = {CMS-PAS-BTV-15-001},
      url            = {https://cds.cern.ch/record/2138504},
      SLACcitation   = {%%CITATION = CMS-PAS-BTV-15-001;%%}
}
@misc{Wiki:BTagSF,
      note           = {\url{https://twiki.cern.ch/twiki/bin/view/CMS/BtagRecommendation80XReReco?rev=14}}
}

@misc{Wiki:BTagSFMethods,
      note           = {\url{https://twiki.cern.ch/twiki/bin/viewauth/CMS/BTagSFMethods?rev=27}}
}
@techreport{CMS-AN-09-111,
      author = {Adam, N. and Berryhill, J. and Halyo, V. and Hunt, A. and Mishra, K.},
      title = {Generic tag and probe tool for measuring efficiency at {CMS} with early data},
      type = {{CMS} Analysis Note},
      number = {AN-09-111},
      year = {2009},
      url = {http://cms.cern.ch/iCMS/jsp/db_notes/noteInfo.jsp?cmsnoteid=CMS\%20AN-2009/111}
}

@article{Khachatryan:2010xn,
      author         = "Khachatryan, Vardan and others",
      title          = "Measurements of inclusive {$W$} and {$Z$} cross sections in $pp$ collisions at $\sqrt{s}=7$\,{TeV}",
      collaboration  = "CMS",
      journal        = "JHEP",
      volume         = "01",
      year           = "2011",
      pages          = "080",
      doi            = "10.1007/JHEP01(2011)080",
      eprint         = "1012.2466",
      archivePrefix  = "arXiv",
      primaryClass   = "hep-ex",
      reportNumber   = "CERN-PH-EP-2010-050, CMS-EWK-10-002",
      SLACcitation   = "%%CITATION = ARXIV:1012.2466;%%"
}

@techreport{CMS-AN-12-116,
      author = {{Egamma ID group}},
      title = {Tag and probe methodology for analyses using electrons and photons},
      type = {{CMS} Analysis Note},
      number = {AN-12-116},
      year = {2012},
      url = {http://cms.cern.ch/iCMS/jsp/db_notes/noteInfo.jsp?cmsnoteid=CMS\%20AN-2012/116}
}
@misc{Talk:EleTriggerSF,
      author         = {Popov, Andrey},
      title          = "Egamma identification",
      note           = {\url{https://indico.cern.ch/event/604912/contributions/2490011/}}
}
@misc{Talk:L1EGPrescales,
      author         = {Bluj, Michal and Davignon, Olivier and Manzoni,  Riccardo},
      note           = {\url{https://indico.cern.ch/event/598433/contributions/2475199/}}
}
@misc{Wiki:muon_trigger,
      title = {Single Muon Trigger Efficiencies of 80X Data and MC using T\&P Method},
      year  = {2016},
      note           = {\url{https://indico.cern.ch/event/608200/contributions/2452382/attachments/1401679/2156728/2017.02.05_MuonPOGTriggerSF_KPLee_v1.pdf}}
}
@misc{Wiki:muon_trigg_eff,
      title = {Summary performance Plots for 2016 data},
      year  = {2016},
      note           = {\url{https://twiki.cern.ch/twiki/bin/view/CMSPublic/HLTplotsSummary2016}}
}
@misc{Wiki:MuonSF,
      title = {Work in progress (evolving results) and dedicated studies from PAGs},
      year  = {2016},
      note           = {\url{https://twiki.cern.ch/twiki/bin/view/CMS/MuonWorkInProgressAndPagResults?rev=27}}
}
@misc{Wiki:ElectronSF,
      author         = "Ilya Kravchenko",
      title          = "Instructions for applying electron and photon ID",
      note           = {\url{https://twiki.cern.ch/twiki/bin/view/CMS/EgammaIDRecipesRun2?rev=40}}
}
@misc{Talk:EleSFImpactParameters,
      author         = {Krintiras, Georgios and Arndt, Till},
      title          = {IP cuts for electron ID - Scale factor study},
      year           = {2017},
      note           = {\url{https://indico.cern.ch/event/604947/contributions/2467335/}}
}
@misc{Wiki:TopPtReweighting,
      author         = "Maria Aldaya",
      title          = "pt(top-quark) based reweighting of ttbar MC",
      note           = {\url{https://twiki.cern.ch/twiki/bin/viewauth/CMS/TopPtReweighting?rev=20}}
}
@article{Khachatryan:2015oqa,
      author         = "Khachatryan, Vardan and others",
      title          = "Measurement of the differential cross section for top quark pair production in $pp$ collisions at $\sqrt{s} = 8$\,{TeV}",
      collaboration  = "CMS",
      journal        = "Eur. Phys. J. C",
      volume         = "75",
      year           = "2015",
      number         = "11",
      pages          = "542",
      doi            = "10.1140/epjc/s10052-015-3709-x",
      eprint         = "1505.04480",
      archivePrefix  = "arXiv",
      primaryClass   = "hep-ex",
      reportNumber   = "CMS-TOP-12-028, CERN-PH-EP-2015-117",
      SLACcitation   = "%%CITATION = ARXIV:1505.04480;%%"
}

@article{Khachatryan:2015fwh,
      author         = "Khachatryan, Vardan and others",
      title          = "Measurement of the $t\bar t$ production cross section in the all-jets final state in $pp$ collisions at $\sqrt{s}=8$\,{TeV}",
      collaboration  = "CMS",
      journal        = "Eur. Phys. J. C",
      volume         = "76",
      year           = "2016",
      number         = "3",
      pages          = "128",
      doi            = "10.1140/epjc/s10052-016-3956-5",
      eprint         = "1509.06076",
      archivePrefix  = "arXiv",
      primaryClass   = "hep-ex",
      reportNumber   = "CMS-TOP-14-018, CERN-PH-EP-2015-243",
      SLACcitation   = "%%CITATION = ARXIV:1509.06076;%%"
}

@article{Khachatryan:2016mnb,
      author         = "Khachatryan, Vardan and others",
      title          = "Measurement of differential cross sections for top quark pair production using the lepton+jets final state in proton-proton collisions at 13\,{TeV}",
      collaboration  = "CMS",
      journal        = "Phys. Rev. D",
      volume         = "95",
      year           = "2017",
      number         = "9",
      pages          = "092001",
      doi            = "10.1103/PhysRevD.95.092001",
      eprint         = "1610.04191",
      archivePrefix  = "arXiv",
      primaryClass   = "hep-ex",
      reportNumber   = "CMS-TOP-16-008, CERN-EP-2016-227",
      SLACcitation   = "%%CITATION = ARXIV:1610.04191;%%"
}
@techreport{CMS-PAS-TOP-16-007,
      author         = {{CMS Collaboration}},
      collaboration  = {{CMS}},
      title          = {Measurement of particle level differential $t\bar t$ cross sections in the dilepton channel at $\sqrt{s} = 13$\,{TeV}},
      type           = {{CMS} Physics Analysis Summary},
      number         = {TOP-16-007},
      year           = {2016},
      reportNumber   = {CMS-PAS-TOP-16-007},
      url            = {http://cds.cern.ch/record/2204931},
      SLACcitation   = {%%CITATION = CMS-PAS-TOP-16-007;%%}
}
@misc{HN:TopPtCovariance,
      author         = "Andrey Popov",
      title          = "Effect of top pT uncertainty?",
      note           = {\url{https://hypernews.cern.ch/HyperNews/CMS/get/top/2460/1/1/2/1/1/1.html}}
}
@article{Czakon:2017wor,
      author         = "Czakon, Michal and Heymes, David and Mitov, Alexander and Pagani, Davide and Tsinikos, Ioannis and Zaro, Marco",
      title          = "Top-pair production at the {LHC} through {NNLO} {QCD} and {NLO} {EW}",
      year           = "2017",
      eprint         = "1705.04105",
      archivePrefix  = "arXiv",
      primaryClass   = "hep-ph",
      reportNumber   = "CAVENDISH-HEP-17-07, CP3-17-12, TUM-HEP-1084-17, TTK-17-15",
      SLACcitation   = "%%CITATION = ARXIV:1705.04105;%%"
}
@misc{wiki:jec,
      author         = {Henning Kirschenmann et. al.},
      url            = {https://twiki.cern.ch/twiki/bin/view/CMS/JECDataMC},
      year           = {2016}
} 
@misc{wiki:jer,
      author         = {Popov, Andrey et. al.},
      url            = {https://twiki.cern.ch/twiki/bin/viewauth/CMS/JetResolution},
      year           = {2016}
} 
@techreport{cms_pas_cmvav2,
  Title = {Identification of b quark jets at the CMS Experiment in the LHC Run 2},
  author = {CMS Collaboration},
  year = {2016},
  type = {Physics Analysis Summary (PAS)},
  number = {CMS PAS BTV-15-001},
  url = {https://cds.cern.ch/record/2138504/files/BTV-15-001-pas.pdf}
  } 
@misc{chi2_test,
      url           =
{https://root.cern.ch/root/html/tutorials/math/chi2test.C.html}
}
% systematics
@misc{Wiki:JECSources,
      author        = "Hartmut Stadie",
      title         = "Jet energy scale uncertainty sources",
      url           = {https://twiki.cern.ch/twiki/bin/viewauth/CMS/JECUncertaintySources?rev=41#Main_uncertainties_2016_80X}
}
@misc{Wiki:PileupErrors,
      author        = "Michael Hildreth",
      title         = "Estimating Systematic Errors Due to Pileup Modeling",
      url           = {https://twiki.cern.ch/twiki/bin/viewauth/CMS/PileupSystematicErrors?rev=11}
}

@misc{HN:PileupCrossSection,
      url           = {https://hypernews.cern.ch/HyperNews/CMS/get/luminosity/613/2/1/1/1.html}
}
@article{Khachatryan:2015hba,
      author         = "Khachatryan, Vardan and others",
      title          = "Measurement of the top quark mass using proton-proton data at $\sqrt{s} = 7$ and 8\,{TeV}",
      collaboration  = "CMS",
      journal        = "Phys. Rev. D",
      volume         = "93",
      year           = "2016",
      number         = "7",
      pages          = "072004",
      doi            = "10.1103/PhysRevD.93.072004",
      eprint         = "1509.04044",
      archivePrefix  = "arXiv",
      primaryClass   = "hep-ex",
      reportNumber   = "CMS-TOP-14-022, CERN-PH-EP-2015-234",
      SLACcitation   = "%%CITATION = ARXIV:1509.04044;%%"
}
@article{Butterworth:2015oua,
      author         = "Butterworth, Jon and others",
      title          = "{PDF4LHC} recommendations for {LHC} {Run} {II}",
      journal        = "J. Phys. G",
      volume         = "43",
      year           = "2016",
      pages          = "023001",
      doi            = "10.1088/0954-3899/43/2/023001",
      eprint         = "1510.03865",
      archivePrefix  = "arXiv",
      primaryClass   = "hep-ph",
      reportNumber   = "OUTP-15-17P, SMU-HEP-15-12, TIF-UNIMI-2015-14,
                        LCTS-2015-27, CERN-PH-TH-2015-249",
      SLACcitation   = "%%CITATION = ARXIV:1510.03865;%%"
}
@article{Barlow:1993dm,
      author         = "Barlow, Roger J. and Beeston, Christine",
      title          = "Fitting using finite {M}onte {C}arlo samples",
      journal        = "Comput. Phys. Commun.",
      volume         = "77",
      year           = "1993",
      pages          = "219-228",
      doi            = "10.1016/0010-4655(93)90005-W",
      reportNumber   = "MAN-HEP-93-1",
      SLACcitation   = "%%CITATION = CPHCB,77,219;%%"
}

@inproceedings{Conway:2011in,
      author         = "Conway, J. S.",
      title          = "Incorporating nuisance parameters in likelihoods for multisource spectra",
      booktitle      = "{PHYSTAT11}: {S}tatistical issues related to discovery claims in search experiments and
                        unfolding",
      year           = "2011",
      pages          = "115-120",
      doi            = "10.5170/CERN-2011-006.115",
      eprint         = "1103.0354",
      archivePrefix  = "arXiv",
      primaryClass   = "physics.data-an",
      SLACcitation   = "%%CITATION = ARXIV:1103.0354;%%"
}
@misc{Wiki:Combine,
     title={Documentation of the RooStats -based statistics tools for Higgs PAG},
     year = {2018},
     note =  {\url{https://twiki.cern.ch/twiki/bin/viewauth/CMS/SWGuideHiggsAnalysisCombinedLimit}}
  
}
@misc{Wiki:CombineHarvester,
      note           = {\url{http://cms-analysis.github.io/CombineHarvester/index.html}, based on the following branch \url{https://github.com/steggema/CombineHarvester/tree/httbar_74}}
}


@INPROCEEDINGS{RooStats,
  AUTHOR       = "Moneta, L. and Belasco, K. and  Cranmer, K. S. and Lazzaro, A. and Piparo, D. and Schott, G. and Verkerke, W. and Wolf, M. ",
  TITLE        = "The {R}oo{S}tats {P}roject",
  BOOKTITLE = "13$^\text{th}$ International Workshop on Advanced Computing and Analysis Techniques in Physics Research (ACAT2010)",
  YEAR         = "2010",
  PUBLISHER = "SISSA",
  NOTE = "{PoS(ACAT2010)057}",
  URL          = "http://pos.sissa.it/archive/conferences/093/057/ACAT2010_057.pdf",
  eprint = "1009.1003",
  primaryClass = "physics.data-an"
}

@techreport{CMS-AN-18-077,
      author         = {Popov, Andrey and Steggemann, Jan and Verzetti, Mauro},
      title          = {Artificial constraints from statistical fluctuations in
systematic variations},
      type           = {{CMS} Analysis Note},
      number         = {AN-18-077},
      year           = {2018},
      url            = {http://cms.cern.ch/iCMS/jsp/db_notes/noteInfo.jsp?cmsnoteid=CMS\%20AN-2018/077} 
}

@misc{Wiki:GoF,
      note           = {\url{https://twiki.cern.ch/twiki/bin/view/CMS/StatComGOF?rev=13}}
}

@article{Baker:1983tu,
      author         = "Baker, Steve and Cousins, Robert D.",
      title          = "Clarification of the use of $\chi^2$ and likelihood functions in fits to histograms",
      journal        = "Nucl. Instrum. Meth.",
      volume         = "221",
      year           = "1984",
      pages          = "437-442",
      doi            = "10.1016/0167-5087(84)90016-4",
      reportNumber   = "UCLA-HEP-83-3",
      SLACcitation   = "%%CITATION = NUIMA,221,437;%%"
}
@article{Read:2002hq,
    author           = {Read, Alexander L.},
    title            = {Presentation of search results: {The} {$CL_s$} technique},
    journal          = {J. Phys. G},
    volume           = {28},
    pages            = {2693--2704},
    doi              = {10.1088/0954-3899/28/10/313},
    year             = {2002},
    url              = {http://inspirehep.net/record/599622},
    SLACcitation     = {%%CITATION = JPAGA,G28,2693;%%}
}

@article{Junk:1999kv,
    author           = {Junk, Thomas},
    title            = {Confidence level computation for combining searches with small statistics},
    journal          = {Nucl. Instrum. Meth. A},
    volume           = {434},
    pages            = {435--443},
    doi              = {10.1016/S0168-9002(99)00498-2},
    year             = {1999},
    eprint           = {hep-ex/9902006},
    archivePrefix    = {arXiv},
    primaryClass     = {hep-ex},
    number           = {CARLETON-OPAL-PHYS-99-01, CERN-EP-99-041},
    url              = {http://inspirehep.net/record/494953},
    SLACcitation     = {%%CITATION = HEP-EX/9902006;%%}
}

@techreport{CMS-NOTE-2011-005,
    author           = {{ATLAS and CMS collaborations}},
    collaboration    = {{ATLAS} and {CMS}},
    title            = {Procedure for the LHC Higgs boson search combination in summer 2011},
    year             = {2011},
    type             = {},
    number           = {ATL-PHYS-PUB-2011-11, CMS-NOTE-2011-005},
    url              = {http://inspirehep.net/record/1196797},
    SLACcitation     = {%%CITATION = ATL-PHYS-PUB-2011-011 ETC.;%%}
}
@article{Cowan:2010js,
    author           = {Cowan, Glen and Cranmer, Kyle and Gross, Eilam and Vitells, Ofer},
    title            = {Asymptotic formulae for likelihood-based tests of new physics},
    journal          = {Eur. Phys. J. C},
    volume           = {71},
    pages            = {1554},
    doi              = {10.1140/epjc/s10052-011-1554-0},
    year             = {2011},
    eprint           = {1007.1727},
    archivePrefix    = {arXiv},
    primaryClass     = {physics.data-an},
    url              = {http://inspirehep.net/record/860907},
    SLACcitation     = {%%CITATION = ARXIV:1007.1727;%%}
}

@techreport{Read:2000ru,
    author           = {Read, Alexander L.},
    title            = {Modified frequentist analysis of search results ({The} {$CL_s$} method)},
    doi              = {10.5170/CERN-2000-005.81},
    year             = {2000},
    type             = {CERN},
    number           = {OPEN-2000-205},
    url              = {http://inspirehep.net/record/532313},
    SLACcitation     = {%%CITATION = CERN-OPEN-2000-205 ETC.;%%}
}

@misc{LHCHXSWGMSSM,
      author = " Allison Mc Carn et. al",  
      title  = {MSSM Neutral Higgs},
      year   = {2017},
      url    = {https://twiki.cern.ch/twiki/bin/view/LHCPhysics/LHCHXSWGMSSMNeutral#ROOT_histograms_MSSM_benchmark_s, revision 104}
}

@article{RooMomentMorph,
      author         = "Baak, Max and Gadatsch, Stefan and Harrington, Robert and
                        Verkerke, Wouter",
      title          = "{Interpolation between multi-dimensional histograms using
                        a new non-linear moment morphing method}",
      journal        = "Nucl. Instrum. Meth.",
      volume         = "A771",
      year           = "2015",
      pages          = "39-48",
      doi            = "10.1016/j.nima.2014.10.033",
      eprint         = "1410.7388",
      archivePrefix  = "arXiv",
      primaryClass   = "physics.data-an",
      reportNumber   = "NIMA57112",
      SLACcitation   = "%%CITATION = ARXIV:1410.7388;%%"
}
@article{deFlorian:2016spz,
      author         = "de Florian, D. and others",
      title          = "{Handbook of LHC Higgs Cross Sections: 4. Deciphering the
                        Nature of the Higgs Sector}",
      collaboration  = "LHC Higgs Cross Section Working Group",
      doi            = "10.23731/CYRM-2017-002",
      year           = "2016",
      eprint         = "1610.07922",
      archivePrefix  = "arXiv",
      primaryClass   = "hep-ph",
      reportNumber   = "FERMILAB-FN-1025-T, CERN-2017-002-M",
      SLACcitation   = "%%CITATION = ARXIV:1610.07922;%%"
}
@article{PhysRevLett.119.191803,
  title = {Search for Heavy Higgs Bosons $A/H$ Decaying to a Top Quark Pair in $pp$ Collisions at $\sqrt{s}=8\text{ }\text{ }\mathrm{TeV}$ with the ATLAS Detector},
  author = {Aaboud, M. and others},
  collaboration = {ATLAS},
  journal = {Phys. Rev. Lett.},
  volume = {119},
  issue = {19},
  pages = {191803},
  numpages = {20},
  year = {2017},
  month = {Nov},
  publisher = {American Physical Society},
  doi = {10.1103/PhysRevLett.119.191803},
  url = {https://link.aps.org/doi/10.1103/PhysRevLett.119.191803}
}
@TECHREPORT{CMS_AN_2008_21,
     AUTHOR       = "Andreas Hinzmann and Jan Steggemann and Martin Erdmann",
     TITLE        = "Measurement of the Top Quark Mass from the Invariant Mass of the Top-Antitop Quark System
",
     TYPE      = "CMS Analysis Note",
     NUMBER       = "2008/021",
     URL          = "http://cms.cern.ch/iCMS/user/noteinfo?cmsnoteid=CMS%20AN-2008/021",
     YEAR         = "2008"}
